2566 4404
329 212 372 265 De
391 211 585 279 interrogandi
603 209 704 265 formu.
989 215 1050 281 167

141 412 260 499 Ι’1.74).
311 413 367 478 Vis
398 416 435 477 tu
465 413 642 490 consuetis,
674 413 787 477 uuduu
815 414 963 489 couuiou,
996 433 1052 478 cu·

141 521 288 602 [supteri.
323 539 384 604 quo
405 521 474 584 loco
505 520 653 601 scriptura
677 521 891 585 nonnullorum
912 521 1051 586 codicum

140 629 172 692 in
195 628 341 693 editiones
364 628 481 710 aliquot
506 627 641 709 irrepsit,
674 627 822 709 particula
851 646 910 691 non
939 629 1052 693 omissa

140 753 165 798 nr
198 736 248 798 uis
282 738 318 798 tu
351 735 466 798 orantis
498 734 548 798 vel
577 734 745 816 flagitantis
768 737 830 810 ost,
854 736 912 797 viu
931 738 982 811 tu,
1015 739 1051 799 ut

139 860 197 916 un,
233 841 413 905 admirantis
449 843 480 905 et
522 840 732 922 improbantis.
797 841 858 904 Ubi
890 841 1051 907 Juvenalis

138 949 374 1012 reclamationem
385 947 574 1028 indignantis
592 948 641 1011 vel
658 947 857 1028 improbantis
878 967 933 1030 per
954 934 1078 1013 inter-⁰
1164 931 1166 934 ⁵

138 1073 186 1117 em
216 1054 346 1138 promit,
379 1055 434 1117 ant
462 1053 643 1134 particulam
674 1074 715 1118 ue
748 1055 918 1136 pronomini
949 1058 985 1119 tu
1017 1056 1048 1120 in

145 1160 234 1224 initio
266 1161 367 1245 posito
398 1160 544 1241 suffigens
574 1178 659 1224 cum·
672 1164 850 1243 contemptu
881 1162 1051 1245 interrogat

136 1272 174 1330 ¹1:
223 1266 314 1329 Tuue
346 1267 458 1341 eiiam,
492 1286 590 1346 quum
622 1270 734 1331 sextus
767 1272 799 1332 et
838 1271 1050 1350 octoqesu'uuus

135 1372 568 1449 uisne,nutucuraece.2)vel
581 1374 1050 1442 admirationemascelererelu·
1080 1400 1086 1412 ·

134 1481 300 1566 exprimit
329 1479 400 1555 (VI,
430 1483 492 1546 642
519 1479 608 1544 Tuue
641 1479 722 1543 duos
756 1501 834 1556 uun,
867 1483 1050 1548 sevissimo

146 1586 288 1664 coeuu?)‚
312 1589 366 1649 aut
377 1586 526 1668 particula
537 1587 756 1668 interrogativa
777 1587 889 1651 omissa
912 1590 1050 1654 futurum

149 1695 247 1776 ponit:
282 1693 331 1765 ΙΙ,
367 1697 406 1758 21
431 1691 502 1774 Euo
535 1697 565 1756 ie
592 1697 748 1757 ceocuteuu
778 1693 875 1758 Sexte
895 1696 1051 1760 uerebor?

149 1799 208 1864 Me
222 1801 321 1881 puicu
343 1799 399 1863 illc
421 1799 584 1881 suquatur,
607 1799 669 1878 vel,
693 1800 774 1881 quod
797 1803 895 1866 rarius
918 1808 974 1880 est,
997 1823 1051 1885 per

131 1908 158 1970 vi
179 1909 315 1971 futurum
340 1910 477 1970 exactum
501 1907 545 1969 ita
573 1907 759 1988 interrogat,
793 1909 829 1970 nt
850 1898 922 1972 huic
944 1908 1047 1974 futuro

130 2015 184 2079 ulio
218 2014 313 2078 lutnri
342 2013 503 2095 praeteritae
537 2013 664 2077 actionis
694 2015 821 2077 eventus
848 2015 1044 2097 subjiciatur:

129 2142 242 2202 upuue
275 2141 349 2202 cryc
383 2120 464 2182 milri
496 2120 681 2183 recitaverit
713 2119 770 2184 illc
803 2124 947 2201 loqutus,
981 2123 1049 2187 Hic

128 2234 130 2252 '
173 2228 317 2309 Jmpuuc
354 2228 438 2291 dieu
472 2228 709 2307 consumpserit
740 2229 857 2308 iupeus
894 2228 1051 2310 Telephus

130 2356 174 2417 ng.
198 2336 273 2399 Aen.
297 2336 350 2407 IX,
376 2338 438 2400 785
467 2333 559 2399 Uuus
581 2333 672 2410 toruo
697 2337 810 2398 iunius
837 2339 965 2417 strupes
987 2339 1048 2402 iuc-

125 2442 254 2519 uiderit,
278 2442 330 2506 scd
352 2442 438 2506 Ouid.
462 2441 590 2505 Metam.
614 2441 689 2504 VIll
720 2445 782 2507 493
804 2441 894 2523 Erue
917 2444 1051 2524 impune

126 2551 158 2614 in
180 2549 257 2614 Aen.
292 2549 324 2612 Π
346 2568 373 2611 v.
396 2552 454 2612 481
481 2549 611 2629 utraque
632 2547 837 2630 interrogandi
859 2550 957 2614 forma
979 2570 1050 2616 con-

127 2657 295 2721 invenitnr:
320 2655 451 2719 Scilicet
462 2654 528 2717 ltoec
550 2656 688 2734 aspiciet
737 2655 754 2702 2
779 2655 939 2721 Occiderit
954 2658 1048 2741 ferro

123 2762 207 2845 us?).
253 2762 306 2825 Ab
318 2761 438 2826 Horatii
449 2763 472 2841 ¹)
496 2764 598 2825 autem
612 2762 829 2843 indignationis
848 2765 1051 2846 exprimendae

122 2981 206 2988 ...—-—-

120 3123 202 3176 ratius
222 3131 270 3175 aut
289 3121 459 3176 sententiam
478 3136 530 3189 per
550 3120 758 3187 conjunctivum
779 3123 882 3175 elatam
901 3123 1049 3190 particulis

125 3217 180 3257 utne
199 3207 331 3272 subjicit:
361 3205 551 3273 Fpist1,18‚
580 3207 612 3260 16
635 3205 667 3256 Ut
684 3207 854 3256 nonsitmiiu'
875 3208 956 3271 prima
971 3208 1051 3273 fidem

119 3328 128 3342 t.
146 3291 173 3343 II
200 3295 226 3346 5.
248 3292 280 3346 18
302 3290 361 3341 Utue
379 3300 455 3356 tapam
472 3307 558 3354 spurco
576 3290 664 3339 Damoe
682 3289 759 3355 lutus,
786 3296 835 3342 aut
858 3291 1051 3344 accusativum

118 3392 130 3427 n
159 3374 313 3437 infinitivo,
347 3372 490 3441 particula
516 3391 544 3422 ne
571 3371 706 3439 adjuncta
732 3373 777 3425 vel
806 3373 925 3439 omissa,
958 3374 1050 3442 ponit:

117 3459 159 3512 ud.
178 3460 202 3514 8.
222 3459 233 3512 i
256 3458 354 3524 Royarc
372 3457 441 3523 louyo
455 3456 567 3522 putidam
585 3466 607 3506 le
623 3456 717 3523 seculo3
735 3456 793 3509 Sat.
806 3457 828 3519 I,
848 3458 872 3524 9,
891 3458 924 3513 72
942 3458 1052 3510 Huncine
1125 3508 1135 3527 ,

116 3561 140 3592 ur
158 3553 206 3592 lam
223 3544 314 3605 nicrum
333 3559 433 3590 surrexe
450 3541 517 3592 milei.
554 3540 691 3608 Virgilius
716 3540 905 3606 posteriorem
933 3542 1051 3596 formam

118 3642 135 3676 n
153 3626 288 3692 priorem)
316 3627 356 3678 ita
383 3625 478 3692 ponit,
506 3629 537 3676 ut
562 3641 592 3675 ne
614 3623 742 3690 subjecto
761 3622 868 3690 affigat:
887 3627 959 3679 Aen.
978 3627 1001 3680 I.
1019 3627 1053 3684 37

115 3727 141 3760 ue
158 3712 248 3775 incepto
265 3711 378 3760 desistere
394 3710 480 3760 uictam
499 3708 549 3761 ci'r.
566 3709 595 3774 Ι,
614 3708 647 3763 97
664 3707 720 3774 (vel
738 3725 766 3758 ne
790 3708 924 3774 adjuncto
943 3711 1052 3765 finitum

114 3809 181 3860 upus
208 3794 302 3861 ponit:
329 3793 342 3844 I
353 3835 358 3857 ,
388 3795 420 3848 48
444 3793 563 3844 Pallasne
589 3809 686 3842 exurere
712 3792 811 3842 classem
839 3796 956 3859 Arpinum
982 3805 1052 3860 atque

113 3879 229 3943 repatuit
253 3879 399 3943 submeryere
419 3876 516 3943 poulo);
537 3875 652 3929 Ovidius
676 3888 693 3927 a
715 3875 857 3942 particula
880 3895 913 3927 au
934 3877 978 3929 vel
996 3896 1052 3944 erqo

116 3975 159 4013 em
178 3961 429 4027 interrogationem
448 3960 574 4027 incipere
599 3966 686 4012 amnt:
705 3959 848 4028 nnetvll,
865 3963 915 4017 tat
934 3964 975 4011 Au
989 3961 1054 4025 felin

110 4063 160 4095 uene
174 4054 233 4096 uuio
250 4046 339 4095 uictore
346 4047 457 4109 fruetur.
