2566 4404
429 219 713 274 mmmmm.
1060 193 1094 288 ᾗ

44 426 77 488 et
101 425 127 488 si
152 423 358 504 omneslocos,
382 425 492 506 quibus
514 427 601 506 poeta
623 424 781 506 particulis
804 426 893 506 odeo,
916 425 997 504 ideo,
1023 445 1095 490 corr·

47 534 143 596 tineo
178 552 252 596 usus
286 536 341 602 est,
376 531 599 614 collegerimus,
622 532 677 596 has
700 550 787 597 voces
810 534 854 597 ita
875 530 989 615 positas
1011 535 1096 599 inve·
1192 576 1197 585 -

47 641 199 747 niemus,⁸
215 646 249 704 ut
281 641 372 704 litera
401 661 418 703 o
448 640 479 703 in
509 639 588 703 odeo
618 642 735 721 quater,
769 641 800 705 in
830 641 901 705 ideo
925 642 1030 721 semel,
1064 641 1118 705 in'

47 751 203 813 contineo
238 750 345 830 quater
377 747 503 811 alterius
537 747 622 829 pedis
649 748 731 812 arsin
753 750 928 826 constituat,
962 750 993 813 in
1016 748 1095 813 odeo

47 857 172 938 septies,
194 856 227 919 in
243 856 314 920 ideo
329 857 434 929 sexies,
458 856 489 918 in
501 856 654 919 continno
671 855 767 919 semel
782 857 813 919 in
830 876 944 921 oaesura
967 861 1096 939 ponatur
1187 867 1191 875 '

46 967 137 1046 atque
160 962 285 1046 reliquis
305 963 463 1028 locisantc
477 963 611 1027 vocalem
624 962 762 1028 elidatur.
800 950 1094 1029 Particulaeideireo
1116 1006 1119 1012 -

48 1076 78 1136 et
101 1072 188 1136 nitro
212 1074 301 1137 modo
332 1073 377 1135 ita
408 1076 571 1152 ponuntur,
604 1074 640 1135 ut
672 1071 830 1136 elisionem
863 1072 1033 1155 patiantur,
1063 1072 1094 1137 in

51 1198 160 1262 pereso
184 1179 280 1244 altera
302 1178 419 1261 syllaba
435 1178 545 1261 ubique
562 1179 593 1242 in
605 1198 720 1243 caesura
738 1181 868 1261 ponitur,
891 1180 1096 1262 voudenique,

24 1285 114 1367 'quae
137 1292 185 1352 est
208 1288 309 1362 urnbo,
344 1286 434 1350 modo
464 1305 583 1350 versum
608 1285 732 1350 claudit.
776 1286 843 1352 Hoc
874 1307 934 1351 non
967 1287 1093 1352 fortuito

56 1396 104 1457 sed
125 1395 264 1460 consulto
287 1397 403 1460 iactum
434 1412 509 1468 esse,
544 1414 631 1458 nemo
659 1413 717 1460 non
746 1396 897 1469 concedet,
932 1413 979 1459 res
1012 1395 1096 1459 enim

56 1504 208 1567 manifesta
236 1505 363 1568 videtur.
876 1498 879 1504 ⁵

131 1611 290 1677 iuvenalis
322 1611 418 1694 igitur
452 1611 486 1674 in
514 1610 684 1692 quantitate
712 1609 896 1692 syllabarum
929 1609 1093 1693 aregulis‚

64 1733 120 1794 qua
142 1738 160 1782 a
181 1719 332 1801 prioribus
353 1720 451 1800 poetis
474 1723 640 1796 servantur,
658 1718 702 1782 ita
722 1717 876 1782 interdum
899 1717 1042 1799 declinat,
1059 1721 1095 1783 ut

66 1821 181 1900 syllabas
206 1826 365 1891 nonnullas
388 1825 572 1903 terminales,
600 1844 665 1907 quae
689 1828 768 1908 apud
789 1826 903 1908 priores
926 1827 1025 1909 longae
1046 1826 1094 1891 vel

66 1932 194 2021 aucipites
232 1936 302 2008 sint,
337 1918 390 1997 ant
424 1935 536 2016 ubique
570 1934 711 2017 corripiat
740 1939 794 1998 aut
823 1936 910 1999 caute
932 1951 1027 2017 agens
1049 1934 1093 1999 ita

62 2035 184 2119 collocet,
207 2045 252 2115 ut,
275 2043 347 2124 quia
368 2042 401 2106 in
423 2059 539 2106 caesura
560 2043 608 2106 vel
630 2042 690 2106 arsi
713 2041 848 2119 alterius,
870 2024 968 2106 rarius
979 2041 1097 2126 ultimi,

56 2144 133 2214 redis
146 2154 304 2232 ponantur,
327 2170 442 2239 caussa,
465 2171 519 2214 cur
541 2151 752 2232 producantur,
776 2151 823 2214 his
846 2170 950 2215 versus
965 2150 1092 2232 pedibus

33 2248 168 2320 vattribui
192 2259 298 2340 possit.
342 2258 380 2323 In
398 2242 464 2323 ¹arsi
487 2258 611 2322 alterius
639 2257 724 2340 pedis
752 2257 876 2339 syllabae
900 2259 999 2323 brevis
1022 2278 1091 2343 prof

48 2347 150 2429 ductio
173 2352 271 2431 etiam
288 2369 368 2449 apud
389 2366 504 2449 priores
527 2368 637 2449 sapius
660 2366 799 2438 occurrit,
833 2368 911 2447 quod
933 2368 1002 2430 inde
1026 2366 1090 2431 sine

26 2455 138 2537 *dubio
159 2459 276 2539 iactum
298 2478 354 2551 est,
379 2476 449 2557 quia
470 2477 568 2557 poeta,
593 2494 686 2557 quum
705 2474 809 2549 lector,
833 2474 884 2556 qui
906 2474 963 2538 hoc
986 2476 1050 2539 loco
1073 2493 1092 2538 a

36 2578 128 2643 reeta
149 2602 254 2647 versus
269 2584 446 2647 recitatione
462 2583 600 2647 aberrare
615 2581 763 2664 nequiret,
786 2581 933 2664 syllabam
957 2583 1089 2661 brevem,

35 2677 63 2736 li
91 2683 145 2752 ita
168 2690 276 2772 dicam,
298 2692 412 2756 inritus
434 2672 601 2773 producere
619 2693 787 2774 cogeretur,
809 2690 840 2754 in
863 2691 920 2755 hoc
943 2691 1018 2772 pede
1041 2695 1090 2772 (ut

33 2777 60 2844 in
88 2795 222 2882 ultimo)
247 2799 285 2862 ab
314 2802 453 2862 accurato
487 2818 591 2863 versus
620 2800 717 2862 tonna
746 2817 812 2862 raro
845 2797 996 2861 declinare
1030 2817 1088 2863 non

36 2887 206 2983 dubitavit,
241 2909 272 2970 et
305 2907 336 2969 in
365 2907 465 2971 satirae
488 2907 612 2970 decimae
635 2908 749 2988 quintae
778 2927 806 2969 v.
832 2909 938 2980 19-21,
972 2905 1025 2989 qui
1057 2907 1089 2970 in

35 3011 183 3078 renibus
206 3014 359 3079 codicibus
382 3014 426 3078 sic
448 3015 553 3107 scripti
577 3016 663 3078 sunt:

43 3211 45 3214 -
150 3144 256 3254 ¹Nune
279 3169 376 3232 eitius
400 3167 543 3249 Scyllum
564 3165 614 3230 nei
637 3166 864 3240 concurrentia
885 3185 970 3230 scca

172 3275 306 3358 Cyanee
321 3275 439 3361 plenos
462 3280 492 3341 et
514 3275 756 3356 tempestatibus
778 3277 867 3338 utres

172 3382 371 3448 Crediderim
419 3389 435 3420 ’·

53 3537 152 3632 sinim
179 3555 336 3637 productio
359 3555 482 3619 inutiles
504 3555 706 3635 interpretum
736 3553 924 3636 conjecturas
946 3554 1084 3635 protulit.

58 3648 106 3713 Ρϊθ
120 3659 248 3742 (lycaea
271 3663 351 3727 enim
373 3662 426 3725 alii
453 3661 601 3742 Uruncis,
625 3660 678 3724 alii
701 3661 790 3725 aliam
815 3663 944 3725 formam
968 3662 1083 3726 substi-

63 3757 107 3822 tuu
125 3771 144 3841 t,
172 3775 202 3836 et
224 3771 420 3834 Heinrichius
443 3772 479 3834 ob
503 3772 665 3852 sequentes
688 3773 888 3834 consonantes
919 3769 1039 3834 literam
1063 3790 1085 3833 u

68 3872 214 3945 irruentem
258 3898 324 3943 esse
363 3881 458 3960 putat.
519 3879 626 3942 Exstat
659 3883 740 3940 certe
774 3877 803 3939 in
844 3877 937 3941 satira
978 3882 1085 3941 octava

69 3970 137 4059 lues,
167 4008 225 4070 quo
260 3986 357 4050 brevis
391 3985 509 4068 syllaba
538 3991 608 4050 ante
636 4004 674 4064 sp
697 3987 844 4068 producta
865 3984 962 4049 rideri
984 3985 1084 4066 possit

73 4080 100 4162 [r.
119 4096 194 4176 ibit:
242 4093 375 4158 Occulta
402 4093 510 4175 spolior
539 4098 569 4157 et
590 4093 708 4174 pierres
731 4092 768 4157 rie
787 4111 870 4174 pecc
892 4090 1094 4172 triumpbos,
1135 4117 1138 4121 ·
