2566 4404
338 207 379 260 ite
400 206 536 261 liberiore
554 206 701 261 verborum
719 206 823 275 positu.
979 207 986 233 ⁸
1057 211 1098 276 59

99 433 112 490 ',
148 410 200 493 qui
234 411 327 476 totins
360 410 517 475 sententiae
546 410 610 476 vice
633 411 761 494 tingens
783 429 921 476 caussam
944 412 1097 495 sequentis

100 521 157 584 stus
186 522 276 601 atque
298 518 443 582 moeroris
473 518 600 600 exponit.
644 517 703 584 Ubi
735 521 839 583 autem
871 520 929 585 duo
961 519 1096 585 membra

101 625 320 710 njunotionibus
343 629 424 707 etet,
446 623 557 690 uel-vel
572 625 753 707 junguntur,
786 627 957 709 praepositio
980 645 1098 709 semper

101 734 240 816 vetiturl).
268 732 446 815 Praepositio
464 733 599 815 denique,
624 723 690 816 quae
705 736 753 798 est
767 753 847 813 cum,
870 734 1095 816 pronominibus

102 841 161 918 bis,
186 844 223 914 te,
245 860 279 904 se
301 840 456 923 suffigitur
477 841 529 905 sed
551 841 721 923 pronomini
743 840 871 907 relativo
892 843 1094 924 anteponitur.

138 947 288 1013 Adverbia
320 966 339 1012 a
371 947 483 1022 verbis,
517 949 554 1011 ad
587 968 653 1030 quae
686 948 849 1030 pertinent,
885 949 1095 1014 distrahuntur

139 1057 259 1138 quidem
288 1058 366 1136 apud
399 1054 591 1129 Juvenalem
631 1059 667 1119 ut
699 1057 776 1138 apud
810 1056 933 1138 priores,
971 1057 1094 1122 arbitrio

105 1167 159 1239 tae,
195 1165 308 1241 eadem,
345 1180 529 1246 quamquam
557 1163 641 1242 nulla
674 1158 704 1226 vi
732 1163 906 1239 efferuntur,
940 1164 1092 1229 interdum

106 1271 194 1335 initio
217 1273 264 1335 vel
286 1271 420 1336 clausula
443 1270 659 1334 enunciationis
684 1272 845 1351 ponuntur,
868 1272 920 1335 sed
943 1272 1092 1348 adverbia,

107 1377 118 1442 'a
147 1379 183 1442 ad
219 1379 365 1462 adjectiva
386 1377 434 1442 vel
456 1378 517 1440 alia
538 1377 678 1442 adverbia
699 1378 860 1459 pertinent,
893 1380 931 1443 ab
963 1380 1001 1444 iis
1034 1400 1091 1445 non

107 1490 262 1569 unguntur.
307 1486 455 1550 Adverbia
485 1488 602 1561 tamen,
640 1503 706 1566 quae
740 1490 812 1550 sunt
842 1488 962 1568 mapa,
985 1489 1092 1563 nimis,

108 1614 141 1672 o,
163 1592 265 1661 modo.
298 1593 456 1675 adjectivis
488 1592 640 1656 interdum
673 1593 940 1674 postponuntur),
973 1597 1005 1658 et
1038 1597 1091 1659 ad-

108 1701 188 1765 bium
219 1702 329 1764 minus
361 1701 398 1764 ab
431 1700 588 1782 adjectivo,
622 1701 658 1764 ad
688 1701 765 1782 quod
788 1702 928 1782 pertinet,
962 1721 1021 1766 uno
1045 1703 1092 1767 rel

109 1808 189 1872 ribus
211 1809 365 1872 vocabulis
387 1806 555 1890 interjectis
571 1807 726 1872 avellitur:
749 1807 801 1882 VI,
814 1811 877 1876 620
886 1809 1090 1892 Minaserpo

110 1934 187 1990 ream
221 1917 326 1990 11‚71
363 1914 481 1978 Minas
514 1919 561 1979 est
592 1915 728 1978 insania
761 1917 876 1996 turpis.
932 1918 1090 1983 Juvenalis

112 2024 327 2088 nraliberiore
350 2023 557 2087 adverbiorum
579 2024 688 2104 positu,
712 2024 764 2106 qui
785 2043 803 2088 a
824 2024 972 2106 prioribus
994 2026 1090 2107 poetis

113 2130 217 2205 ibatur,
241 2131 302 2194 fere
325 2130 467 2212 abstinet,
480 2121 520 2194 ¹et
541 2132 795 2213 quemadmodum
817 2131 957 2196 adverbia
978 2120 1015 2197 ab
1038 2134 1090 2198 ad·
1191 2199 1194 2205 ,

115 2237 169 2302 ivis
191 2237 238 2302 vel
260 2238 430 2314 adverbiis,
449 2258 467 2302 a
489 2238 596 2320 quibus
625 2239 704 2319 apud
726 2238 840 2318 priores
867 2240 964 2321 (bene,
997 2240 1088 2317 male,

118 2346 296 2427 eevceptis)
319 2365 411 2427 quam
443 2345 596 2410 liberrime
629 2346 756 2410 distrahi
790 2346 897 2421 solent,
935 2366 994 2412 non
1029 2347 1088 2412 dis·

119 2457 221 2534 rantur,
255 2455 299 2518 sic
331 2453 470 2517 adverbia
502 2456 533 2517 et
568 2453 693 2517 ablativi
727 2455 854 2535 gradum
884 2454 1088 2537 significantes

141 2561 226 2624 modo
259 2579 278 2624 a
311 2561 446 2636 vocibus,
479 2560 587 2642 quibus
621 2561 782 2637 adhaerent,
815 2579 874 2625 non
905 2562 1088 2627 divelluntur

120 2684 148 2730 ue
169 2668 206 2732 iis
235 2672 464 2749 postponuntur,
496 2668 607 2732 nedum
636 2668 804 2750 postposita
832 2668 967 2750 pluribus
995 2670 1086 2734 etiam

117 2771 168 2839 bus
190 2775 356 2857 interjectis
390 2775 584 2852 divellantur,
616 2775 668 2839 sed
702 2794 739 2838 ne
772 2775 940 2839 liberiorem
965 2776 1087 2858 quidem

117 2883 197 2946 astris
230 2883 372 2946 orationis
404 2882 551 2965 positum,
585 2902 620 2946 ex
649 2901 708 2965 quo
734 2884 845 2964 partim
872 2900 959 2947 voces
986 2884 1086 2948 molto
1195 2966 1199 2976 Ι

115 3006 138 3052 .e
153 2989 269 3069 paullo
292 2990 512 3071 comparativis,
547 2990 654 3073 quibus
678 2990 842 3067 adhaerent,
865 2994 1087 3073 postponuntur

115 3114 169 3161 oce
199 3098 377 3178 interposita
410 3098 561 3161 interdum
589 3098 805 3175 distrahuntur,
837 3097 947 3180 partim
970 3115 1086 3180 praepo-

139 3204 216 3268 inter
238 3204 414 3268 adverbium
436 3189 560 3285 gradum
590 3205 763 3286 significans
785 3209 817 3269 et
839 3205 1084 3286 comparativum,
1152 3271 1153 3276 ,

115 3312 258 3387 adhaeret,
284 3312 493 3393 interponitur,
525 3313 635 3393 partim
664 3311 813 3390 adverbia,
836 3332 902 3394 quae
925 3315 996 3376 sunt
1018 3316 1084 3377 tam

116 3437 202 3502 aare,
226 3419 263 3482 ab
285 3418 451 3501 adjectivis,
474 3419 510 3481 ad
528 3438 592 3501 qure
609 3419 770 3502 pertinent,
794 3422 979 3502 separantur,
997 3423 1084 3502 poeta

117 3530 181 3591 stus
203 3529 259 3591 est.

119 3707 1041 3726 *u.-—......-.....-—-—⁴——-——.A—--—--—.--
1052 3719 1082 3724 ..-

120 3830 174 3884 ior.
193 3796 243 3884 Od.
261 3833 283 3898 I,
302 3835 343 3898 32,
362 3835 378 3884 2
400 3832 470 3891 Quod
485 3841 507 3881 et
524 3831 584 3880 bunc
601 3832 625 3881 in
648 3848 733 3881 annum
758 3833 828 3883 ravat
844 3843 866 3882 et
881 3832 971 3897 plores,
989 3831 1024 3897 II,
1042 3834 1081 3897 11,

121 3917 143 3970 ’.3
161 3915 211 3966 Sub
229 3915 281 3967 olto
298 3917 335 3966 vel
349 3917 451 3982 platano
468 3917 506 3966 ael
523 3917 568 3966 lroc
583 3917 651 3982 pinu.
815 3935 818 3942 ·

122 3999 156 4065 vr,
178 4003 233 4068 rsa,
254 4005 276 4066 1,
296 4004 320 4067 v,
337 4000 409 4068 1111,
431 4003 487 4066 113,
506 3999 553 4066 11,
573 4003 632 4066 141,
659 4001 708 4068 111,
727 4003 786 4068 aar,
813 4001 859 4067 lv,
879 3999 1078 4065 vv‚x111,se;

122 4085 143 4150 i,
155 4088 204 4142 129
227 4087 378 4137 Temerarius
396 4103 469 4150 usquc
486 4086 557 4150 adeo;
584 4084 684 4151 lesa
702 4087 805 4137 Dedr'tas
828 4095 904 4136 autem
921 4083 1078 4148 usqueadeo.
