2566 4404
462 215 505 268 De
525 215 630 282 ellipsi.
1010 219 1067 285 127

113 418 137 482 ti
176 418 284 482 callide
318 419 474 498 petentem
503 417 589 480 nobis
619 419 771 498 proponit,
807 437 824 481 a
855 438 881 482 v.
914 423 974 485 123
1002 421 1069 484 haec

113 528 240 589 nsunt:
677 518 679 522 '
1122 514 1124 519 ¹

113 633 229 713 opetit
251 632 379 696 absenti
400 635 479 694 nota
494 632 569 712 jam
591 630 732 694 callidus
754 636 835 709 arte,

113 739 242 804 tendens
262 759 400 803 uacuam
423 742 453 802 et
474 737 622 801 clansam
637 758 703 818 pro
732 738 869 819 conjuge
890 738 1014 802 sellom.

113 847 186 911 11111
207 868 279 911 meo
301 851 379 928 est«,
401 847 519 925 inquit.
546 844 676 909 »Citius
698 845 845 909 dimitte:
868 847 1039 910 moraris«

113 953 200 1036 roser
227 953 327 1018 Gallo
350 957 475 1034 caput«
505 953 604 1017 »Noli
624 974 751 1030 nesure,
774 955 944 1033 quiescite

113 1061 214 1125 iohius
236 1063 338 1126 locum
360 1062 405 1124 sio
427 1061 519 1124 adens
542 1061 697 1141 dialogum
718 1061 799 1124 inter
824 1060 1065 1138 dispensatorem
1153 1129 1155 1134 ,
1188 1078 1191 1085 ·

113 1168 135 1231 ri
168 1171 199 1231 et
228 1169 371 1232 clientem
405 1160 525 1249 poetam
560 1167 701 1232 intulisse
731 1171 834 1249 putat,
869 1167 948 1249 qnod
982 1165 1066 1227 idem

116 1275 222 1350 narius,
257 1273 440 1356 Rupertins,
470 1275 526 1353 alii
554 1277 724 1359 opinantur.
768 1275 900 1340 Jahnins
929 1278 960 1338 et
984 1273 1063 1334 Her-

113 1401 145 1445 us
187 1383 322 1468 signum
353 1381 600 1463 interrogationis
645 1388 714 1462 post
752 1383 899 1446 moraris
938 1381 1062 1463 ponunt.

114 1536 122 1564 ‚
146 1492 311 1570 quaesunt:
339 1487 467 1572 Profer,
494 1487 603 1559 Galla.
626 1493 733 1569 capot,
756 1489 920 1571 inquibus
943 1487 1062 1551 eallidi-

113 1595 205 1659 ientis
228 1614 346 1659 summe
369 1600 502 1678 apparet,
526 1596 726 1676 dispensatori
748 1596 828 1660 male
844 1596 1062 1669 attribuuntur,

113 1703 161 1766 rim
185 1703 283 1766 omnis
306 1703 511 1767 ealliditos-
534 1721 624 1784 quam
646 1705 767 1784 postam
791 1703 952 1784 depingere
974 1702 1061 1780 velle⁷

130 1809 301 1890 antojano
322 1808 464 1873 callidas
496 1811 664 1874 artasatis
687 1810 842 1874 declarant
869 1847 903 1856 -
926 1808 1061 1882 tolletur,

113 1916 221 1996 pientia
254 1917 347 1980 verba
374 1916 444 1979 noti
473 1937 602 1997 verare,
638 1918 774 1997 quiescit
797 1919 967 1999 sagacitate
998 1916 1061 1979 dis-

113 2023 180 2087 zoris
203 2023 307 2086 otianti
330 2025 593 2105 extorquebantur.
622 2026 716 2087 Poeta
737 2025 833 2105 igitur
853 2025 955 2087 omnia
977 2023 1059 2086 dioit.

114 2150 145 2192 m
157 2131 308 2205 morarer,
327 2132 613 2213 quodHeinriohins
625 2131 681 2194 hoc
692 2132 758 2195 looo
773 2132 923 2195 actionem
938 2130 1061 2212 signifi-

113 2265 146 2292 =
161 2238 304 2313 detinere,
317 2241 491 2316 retardare),
514 2242 597 2301 reate
611 2238 693 2313 dicit,
716 2239 849 2303 Jahnius
869 2242 899 2301 et
912 2239 1062 2301 Herman-

131 2345 202 2424 quia
225 2363 361 2409 caussam
397 2338 647 2418 commeatum
680 2345 774 2409 aliens
806 2346 896 2408 verba
930 2343 1058 2426 Profer,

113 2471 125 2523 ι,
149 2452 347 2530 caputdioat
371 2452 586 2533 interrogative
600 2453 731 2532 positum
755 2471 820 2516 esse
844 2453 982 2532 eredunt7
1006 2452 1059 2514 sed

114 2575 197 2638 quam
229 2576 289 2621 non
311 2560 498 2640 negaverim,
521 2559 787 2640 signifieationem
820 2560 992 2622 absolutam
1021 2559 1059 2622 ad

114 2665 195 2727 itiam
218 2664 277 2728 looi
298 2668 402 2747 aptam
424 2667 519 2729 videri
550 2684 651 2746 posse,
675 2665 977 2729 animadvertendum
1002 2668 1057 2738 ost,

114 2790 131 2834 n
153 2771 347 2835 intransitiva
369 2773 452 2836 verbi
466 2773 685 2854 significatione
708 2791 859 2853 nusquam
881 2792 968 2836 usum
993 2790 1059 2834 esso

114 2879 147 2951 il,
174 2881 242 2954 183,
254 2879 308 2954 XI,
321 2880 460 2956 sexli,
475 2882 645 2955 2511267).
667 2879 717 2941 Ad
729 2879 855 2942 dimitto
877 2898 982 2943 omnes
997 2898 1059 2943 nos

114 2986 190 3048 idum
215 3005 282 3050 esso
305 2984 420 3063 dieunt,
448 2988 526 3066 quod
548 3005 711 3067 pronomen
726 3005 784 3050 non
803 2987 985 3049 audiendum
1000 2989 1058 3051 est.

114 3113 116 3124 ·
139 3094 186 3155 est
208 3112 273 3171 res,
298 3095 350 3156 sed
373 3111 439 3156 eam
462 3112 521 3157 non
542 3093 835 3174 praetermittendam
858 3112 924 3156 esse
940 3094 1055 3174 putavi.

122 3200 204 3262 enim
216 3219 269 3280 pro
282 3201 410 3282 conjuge
421 3200 507 3281 petit
520 3201 609 3264 modo
622 3200 658 3262 de
672 3200 736 3262 eius
748 3199 884 3280 sportula
897 3199 1007 3281 agitur,
1016 3202 1057 3274 at,

114 3307 233 3387 gravius
258 3310 313 3380 est,
336 3311 426 3388 poeta
448 3307 628 3389 imperativo
650 3307 749 3387 posito
771 3326 833 3370 non
855 3325 924 3370 raro
947 3324 1055 3388 prono·

114 3413 225 3487 ›mitt't
249 3415 327 3496 quod
350 3416 388 3477 ad
410 3433 487 3485 eum,
510 3415 546 3476 de
570 3432 628 3495 quo
653 3432 750 3476 sermo
774 3418 836 3493 est,
859 3413 1055 3477 referendum

113 3539 236 3602 nsquam
257 3540 431 3603 pronomen,
465 3521 543 3602 qnod
566 3522 604 3584 ad
626 3521 798 3600 loquentem
820 3521 962 3601 pertinet.
1006 3521 1057 3584 Ad

113 3629 133 3690 te
154 3628 248 3708 igitur
270 3631 302 3692 et
323 3629 480 3697 moraris,
515 3630 550 3690 ut
577 3628 615 3689 ad
637 3626 718 3691 Noli
738 3647 872 3705 nemore,
906 3648 977 3693 eum
1000 3648 1055 3692 au-

113 3735 236 3818 rmestq
260 3735 362 3799 Cliens
385 3737 621 3817 dispensatorem
644 3754 766 3797 uxorem
785 3735 898 3798 morari
910 3752 1056 3799 accusans

113 3841 194 3904 ddit:
229 3843 358 3907 dormire
380 3844 509 3917 videtur,
533 3861 571 3904 ne
594 3859 661 3904 eam
683 3841 960 3923 expergefaciamns
984 3847 1056 3924 (qua

113 3946 265 4011 'efaoiendi
298 3949 517 4031 significatione
551 3948 676 4011 verbum
708 3949 836 4012 vexandi
854 3951 902 4012 ter
922 3948 1064 4029 positum

110 4056 143 4116 tu
154 4057 179 4135 ).
