2566 4404
383 235 426 288 De
446 236 599 290 mutatione
619 238 766 304 temporis.
1039 243 1098 306 201

94 443 176 523 Qua>
189 435 317 502 steriles
330 436 419 521 foedi
441 442 537 519 eique
560 434 1060 507 333133313333333333333133

102 543 270 609 03333313.
320 545 444 624 Gaude,
466 544 593 629 Infelix,
616 551 713 626 adque
734 548 805 626 ipse
828 547 998 613 1313331333

34 719 38 726 ,
98 650 237 734 Ρ333393
259 651 420 734 quidquid
443 653 512 728 3333,
535 673 613 716 3333
634 655 665 716 si
688 653 870 719 distendere
890 655 985 720 331133

98 757 282 823 1113333333
303 763 430 823 3333333
446 761 564 840 pueris
585 759 789 842 salientibus,
811 762 899 826 esses

97 864 269 946 Aethiopes
282 865 431 950 fortasse
447 871 556 947 pater,

12 1122 17 1129 -
54 1078 108 1142 3131
130 1081 741 1162 331333333333131333331133313333113331
759 1081 1105 1166 (quaesteriIesfoee'i),

54 1186 94 1250 ab
116 1204 153 1249 ea
174 1187 212 1250 ad
244 1188 389 1251 maritum
424 1188 544 1270 (333313
564 1186 710 1271 infelix),
742 1189 812 1253 iude
845 1192 883 1254 ad
916 1190 1107 1276 3113133133·

54 1291 238 1357 distendere
259 1293 378 1378 331133),
400 1295 440 1359 ab
463 1314 498 1359 ea
519 1296 647 1377 denique
670 1296 708 1358 ad
719 1296 864 1363 33331333
875 1302 977 1371 (esses
998 1300 1106 1381 pater)

54 1402 355 1476 commemorandum
377 1403 480 1483 paullo
504 1403 609 1466 durius
624 1403 744 1479 transit,
767 1408 799 1466 33
810 1405 848 1466 ad
870 1404 1004 1479 verbum,
1028 1405 1107 1485 quod

10 1540 13 1556 ·
53 1509 103 1571 333
123 1505 225 1594 uellet,
258 1508 431 1591 subjeetum
469 1511 641 1586 (uxortua)
675 1528 736 1573 uon
768 1515 830 1574 tam
867 1529 901 1574 33
923 1510 1109 1574 coherentia

54 1614 205 1679 sermonis
227 1616 259 1678 33
280 1616 418 1696 sequenti
439 1616 534 1697 pairis
557 1617 843 1681 commemoratione
878 1635 970 1700 quam
993 1635 1028 1679 ox
1054 1619 1109 1680 da·
1224 1643 1227 1649 ·

55 1719 121 1785 3133
143 1721 181 1785 ad
203 1721 424 1803 praeoedeutem
446 1723 658 1804 imperativum
668 1724 801 1807 poreiye
815 1724 928 1788 omisso
950 1741 1107 1788 arcessen-

57 1828 191 1892 dumosi
217 1864 252 1874 -
277 1834 330 1892 aut
352 1829 480 1911 denique
503 1830 596 1904 13333,
619 1848 709 1911 quem
722 1831 789 1913 jam
803 1830 1105 1894 commemoravimus

26 1996 34 2009 ,
57 1934 99 2015 (3.
125 1937 214 2010 1313
238 1933 301 1999 Bis
323 1937 489 2017 audoaeno
511 1919 616 2015 3133131,
639 1937 726 2000 ionii
747 1941 840 2001 voeoi
861 1936 920 2001 3113
939 1935 1105 2021 pudeam,

57 2041 112 2106 ubi
134 2042 172 2105 ad
194 2042 328 2122 verbum,
352 2043 432 2124 quod
453 2046 500 2106 333
524 2042 624 2120 dedii,
647 2043 803 2116 Oaeseuuia
824 2045 921 2108 audiri
945 2044 1044 2106 debet.

13 2142 20 2155 '
148 2149 295 2230 Tempus
311 2150 341 2212 iu
364 2150 489 2242 duabus
503 2151 582 2214 13333
603 2169 636 2215 33
659 2140 808 2214 similibus
830 2151 991 2214 3333333113
1012 2149 1111 2214 333133

58 2257 206 2330 mutatur,
219 2257 251 2319 33
262 2256 374 2340 duplex
386 2255 433 2319 333
445 2258 537 2320 333133
560 2259 614 2321 333
625 2258 707 2320 33131
718 2261 890 2337 3333333333
901 2256 1041 2320 futurum
1053 2262 1107 2320 333

58 2363 588 2445 praesensetperfeotumjuuguutuu.
614 2365 711 2426 Poeta
723 2363 810 2426 31313
822 2363 1116 2456 33113333333133333

54 2471 209 2554 junctura}
225 2469 258 2533 13
274 2487 333 2551 qua
345 2469 410 2552 jam
423 2488 556 2551 presens
564 2471 629 2551 jam
641 2468 780 2533 futurum
791 2474 916 2550 tempus
928 2469 959 2532 in
982 2475 1109 2551 utraque

63 2577 217 2642 sententia
229 2595 341 2661 ponere
357 2575 465 2654 331333,
476 2577 629 2640 interdum
641 2577 770 2641 alteram
781 2595 833 2658 per
843 2595 975 2658 praeseus
985 2577 1112 2641 31333313

62 2703 118 2768 per
140 2684 280 2756 futurum
301 2683 384 2747 verbi
407 2687 527 2764 tempus
549 2684 594 2747 133
617 2684 712 2761 effert,
735 2689 770 2748 ut
782 2686 863 2748 33313
876 2684 971 2748 133331
993 2688 1024 2747 33
1035 2703 1110 2764 pree·

61 2791 158 2857 sentis
183 2793 282 2854 333333
307 2791 407 2854 miuus
431 2791 699 2854 333333113313333
722 2809 788 2854 esse
809 2790 960 2857 videatur:
986 2792 1028 2864 IL
1052 2793 1114 2856 140
1207 2779 1210 2783 ’

62 2896 200 2964 83331133
211 2896 401 2974 3333133333,
424 2896 534 2961 3331113
546 2918 612 2961 333
621 2897 754 2982 prodest
765 2907 835 2980 (quo
847 2899 912 2962 loeo
924 2899 1042 2961 oodioes
1055 2916 1114 2962 333

60 3005 152 3089 pauci
163 3005 277 3068 habeut
299 3005 512 3082 3333133333),
539 3005 596 3079 vl,
627 3008 689 3070 396
712 3004 792 3068 Hcee
814 3003 852 3068 de
875 3004 1032 3068 3333333113
1044 3024 1116 3068 333-

61 3111 153 3190 solii,
185 3109 247 3174 3113
280 3110 470 3192 3333333333
503 3110 849 3189 commendare'oolei;
881 3111 952 3185 XII,
981 3111 1116 3194 Ι321171-

32 3264 36 3270 -
61 3240 154 3286 333333
176 3218 297 3300 33933333
320 3217 467 3281 duodenas
490 3238 625 3300 aquom,
645 3217 732 3304 ‘Por
752 3216 856 3282 331133
879 3217 1113 3302 3313333339-

62 3327 161 3392 33333
188 3324 338 3407 Geryone
359 3324 501 3400 Μ3333;
530 3325 616 3401 VIII,
639 3329 681 3392 32
703 3326 839 3389 13133333
861 3324 1032 3389 3333331333
1055 3325 1113 3388 Aa

64 3429 160 3494 13333
174 3448 335 3510 vocamus,
363 3431 509 3497 Gadibus
522 3482 528 3495 .
543 3482 549 3495 .
565 3431 1115 3516 ,3333333333333133133319333.

63 3539 125 3604 Ubi
146 3536 250 3604 333333
267 3540 298 3603 13
310 3540 461 3604 333333313
474 3540 616 3622 pomaria
636 3523 1115 3621 333333333333333313331333,

65 3649 97 3711 33
112 3647 262 3731 pedestu's
285 3647 429 3710 orationis
451 3652 571 3712 autores
594 3648 626 3711 iu
648 3647 824 3711 secundaria
847 3650 984 3712 futurum
1007 3666 1117 3729 pouere

64 3753 174 3830 solent,
199 3753 358 3818 Juvenalis
382 3754 776 3836 constantiam-temporum
799 3755 862 3817 fere
874 3773 994 3836 semper
1006 3757 1117 3832 333333,

19 3940 26 3955 ·
67 3861 99 3923 33
120 3879 255 3943 praesens
267 3863 388 3942 tempus
397 3879 464 3924 raro
480 3861 631 3924 1313331333
642 3861 708 3936 (eir.
719 3862 802 3938 XIV,
828 3864 911 3938 185),
924 3862 1117 3943 sedimpera·

65 3967 128 4032 tivo
139 3967 172 4030 13
183 3967 335 4030 sententia
347 3967 490 4048 primasio
501 3969 599 4049 posito
612 3967 817 4044 insanientis,
831 3986 899 4050 quae
911 3955 1117 4050 ooudioiouem

66 4074 215 4157 adjungit,
228 4093 360 4156 praesens
372 4073 939 4159 333333133333333333331131333(313.
952 4074 1036 4151 VIII,
1047 4078 1119 4151 131,
