2566 4404
112 189 153 253 92
425 187 467 239 De
486 187 633 254 particulis
654 188 830 254 copulativis.

112 393 160 455 est
183 390 419 463 substantivum,
454 391 532 471 qnod
557 391 738 472 interpretes
761 390 877 473 opinari
901 391 1048 466 videntur,
1078 393 1137 455 inter
1185 366 1188 373 ⁵

112 516 189 578 qnos
204 497 247 560 Μ.
265 497 429 578 Hauptins,
452 498 505 579 qui
528 515 581 579 pro
603 497 669 560 boec
691 496 752 560 bac
773 497 939 580 legendum
962 516 1027 562 esse
1048 503 1137 572 censet,

111 606 165 669 sed
178 604 382 687 participium,
405 607 437 668 et
458 604 583 668 verbum
605 604 770 686 repellendi
792 605 873 686 apud
884 607 993 689 poetas
1014 622 1072 668 nou
1090 621 1140 668 raro

45 877 52 895 ,
111 837 195 882 amor
217 818 403 900 repndIatm,
437 822 527 900 atque
554 818 708 882 interdum
731 820 768 882 de
790 818 855 899 ipso
879 836 982 882 amore
1005 818 1142 901 repudiato

111 926 245 990 dicatur:
269 925 356 989 Orid.
380 926 505 989 bletum.
529 926 616 999 XIII,
634 929 696 990 735
718 925 819 989 Pnocc'
840 925 983 1007 repnlsc';
1016 924 1142 1008 Propll,

111 1039 140 1106 4,
154 1036 190 1097 2:
214 1032 308 1112 Sapo
329 1031 482 1111 emulans
504 1053 577 1111 eas,·
600 1032 688 1096 Ouid.
706 1034 776 1096 Aru.
792 1033 876 1110 VIII,
889 1036 930 1098 76
953 1032 1057 1096 Amor
1076 1051 1145 1112 sape

111 1131 285 1219 depulsam
317 1139 402 1221 Virg.
425 1139 502 1202 Aen.
526 1139 578 1214 IV,
602 1144 664 1204 214
690 1139 863 1203 Connnbc'a
890 1143 1008 1204 nostra
1030 1138 1142 1220 repetit

111 1245 256 1321 Silaces,
291 1246 399 1328 quibus
422 1231 579 1326 particula,
613 1264 680 1326 quae
702 1249 750 1310 est
777 1266 842 1320 cen,
875 1250 955 1328 apud
979 1248 1145 1312 Iuvenalem

111 1353 275 1429 invenitur,
298 1356 486 1434 spectamus:
509 1353 563 1429 IX,
577 1357 597 1418 2
612 1351 774 1417 Occurras
796 1373 852 1417 cen
874 1353 1019 1437 Marsya
1040 1356 1146 1429 vicina

111 1460 151 1538 X,
166 1463 224 1525 231
251 1459 337 1523 Hiab
369 1479 466 1524 senen
497 1479 556 1532 cen
582 1459 700 1540 pallas
728 1460 935 1539 bc'rnnde'nt's;
969 1463 1022 1537 VI,
1036 1466 1095 1528 573
1113 1460 1146 1524 In

112 1569 206 1632 antas
228 1568 389 1631 manibus·
403 1587 459 1631 cen
475 1569 618 1649 pinnata
644 1569 779 1632 sneec'na
808 1571 908 1639 tratas
935 1568 1052 1633 Cernis
1073 1568 1146 1649 epte·

111 1675 273 1753 menidam
301 1674 444 1765 vl12237
468 1673 609 1757 Eripite,
632 1678 669 1738 at
690 1694 795 1740 mores
818 1680 944 1740 teneros
968 1696 1024 1742 cen
1041 1675 1145 1757 pollice

112 1782 219 1861 ducat,
242 1800 341 1858 voces,
364 1784 528 1863 quaesunt
556 1782 685 1859 ernbne't
707 1802 762 1846 cen
777 1782 948 1865 fastidibo,
972 1785 1143 1867 significant:

113 1891 252 1967 crnbnc't,
286 1892 323 1951 nt
345 1888 463 1952 nenlc'er
476 1887 639 1971 fastidita
661 1889 843 1954 erubescere
866 1874 958 1968 solet,
994 1892 1046 1954 sed
1071 1907 1143 1954 voca

112 1998 243 2062 erabnc't
265 2016 321 2060 cen
347 1994 423 2078 fast
410 1996 508 2059 tc’dita
530 1996 663 2077 repulso
696 2015 836 2062 caussam
859 1998 977 2062 ruboris
999 2000 1104 2080 urgent
1091 1997 1142 2059 tet

110 2105 191 2169 idem
218 2105 400 2186 significant,
434 2107 525 2186 atque
558 2103 584 2166 si
618 2104 675 2166 hoc
704 2105 851 2186 scriptum
875 2106 999 2169 fuisset:
1034 2104 1122 2169 ernbn
1122 2101 1142 2162 lt

111 2210 281 2292 repntcbsa
268 2215 434 2290 cccccccccc
424 2208 619 2292 csastn'dc'ta,
641 2211 750 2292 quibus
773 2212 977 2293 vcrbispoeta
992 2212 1142 2276 uonsoluu

112 2319 229 2383 ruboris
262 2317 315 2382 sed
334 2317 402 2380 Irae
435 2337 554 2399 quoque
588 2335 728 2381 caussam
761 2318 891 2400 exponit.
938 2319 998 2399 Qui
1027 2322 1143 2384 veterem

112 2425 308 2490 scholiastam
321 2425 418 2487 secuti
434 2413 501 2513 cum
515 2424 703 2500 Heinrichio,
726 2426 884 2507 Rupertio,
906 2428 975 2490 aliis
998 2436 1152 2509 pronomen

112 2531 178 2596 boec
200 2532 238 2594 ad
262 2530 403 2595 Cressam
428 2532 621 2595 referendum
643 2551 709 2595 esse
731 2532 845 2607 dicunt,
879 2532 949 2597 inde
971 2535 1038 2612 hoc,
1062 2531 1161 2598 creda

112 2637 270 2719 colligunt,
294 2638 373 2717 quod
384 2637 489 2700 verba:
513 2638 582 2701 Nec
592 2639 702 2702 cecinna
715 2637 912 2702 Stheneboea
928 2660 1027 2719 qnam
1042 2639 1173 2703 eraso

114 2743 297 2818 excanduit,
320 2764 388 2826 quae
411 2747 664 2825 comparationem
688 2746 769 2809 inter
780 2747 897 2810 Cressae
919 2749 952 2810 et
966 2743 1186 2812 Stheneboeff

112 2852 192 2916 iram
214 2851 388 2923 instituunt,
411 2849 552 2916 Cressam
569 2853 636 2936 jam
659 2858 924 2917 commemoratam
942 2873 1009 2917 csse
1031 2855 1171 2919 indicas
1180 2849 1188 2879 ⁴

112 2960 261 3036 videntur,
284 2960 337 3022 sed
359 2978 452 3039 quum
475 2959 507 3022 in
530 2961 686 3040 praecedet
689 2960 771 3023 tibus
794 2961 930 3026 uersibus
953 2979 1051 3042 neque
1071 2965 1166 3025 Plrav

12 3126 15 3133 .
111 3067 172 3130 drae
195 3070 352 3150 nequet
316 3064 513 3156 Stheneboeae
536 3067 784 3131 commemoratio
817 3066 897 3130 facta
932 3068 985 3141 sit
1021 3068 1188 3150 etpoel5

112 3174 201 3238 modo
223 3175 313 3250 viros,
336 3174 389 3255 qui
411 3152 520 3237 harum
535 3174 922 3256 amoremrepudiaverant,
945 3176 1188 3239 commemora!

89 3271 198 3356 'verit
222 3299 293 3344 eum
315 3300 333 3344 a
355 3281 488 3344 virorum
519 3282 803 3346 commemoratione
825 3283 863 3345 ad
886 3285 1095 3346 matronarum
1118 3286 1188 3346 τῷ

112 3387 306 3469 pudIatarum
338 3386 417 3450 iram
439 3388 666 3451 describendam
690 3391 901 3454 transeuntem
922 3407 975 3471 pro
997 3389 1091 3454 huius
1115 3395 1188 3454 ve*

112 3492 196 3556 illius
218 3496 364 3558 matronae
386 3494 509 3558 nomine
531 3513 695 3576 pronomen
718 3496 1000 3568 demonstratIvum,
1024 3498 1105 3577 quod
1121 3499 1188 3560 es1

114 3599 193 3670 bac,
228 3602 341 3664 nudum
376 3601 513 3682 posuisse
536 3605 568 3665 et
599 3603 637 3665 ad
670 3604 769 3668 virum
802 3605 900 3684 priore
932 3604 999 3681 loco
1031 3603 1188 3684 positura

112 3706 254 3771 retulisse
291 3707 521 3791 (Hippolytum)
555 3710 625 3790 plus
658 3728 750 3790 quam
785 3710 960 3773 incredibile
994 3714 1051 3773 est.
1115 3710 1188 3773 Sia

112 3830 264 3896 nusquam
285 3814 369 3887 dixit,
393 3815 437 3878 sic
458 3834 519 3880 non
542 3815 684 3880 hocloco
708 3817 791 3879 dicit.
827 3816 880 3881 .Si
909 3834 1076 3899 pronomen
1100 3816 1188 3880 boe

112 3920 333 3985 Stheneboeam
357 3921 521 4003 algnificat,
552 3925 651 3987 forma
672 3923 841 3998 verborum,
875 3942 944 4004 quae
977 3925 1021 3987 sic
1055 3925 1164 3988 oritur,

103 4026 191 4093 Boeo
210 4026 428 4111 (Stheneboea)
463 4030 594 4096 erabnt't
629 4051 688 4093 nec
712 4030 908 4093 Stheneboea
935 4032 1043 4091 natans
1066 4038 1188 4108 quan!
