2566 4404
395 192 437 244 De
456 190 591 244 liberiore
609 148 757 244 verborum
774 191 881 258 positu.
1117 193 1163 261 33

114 395 244 465 debilis<
282 395 380 460 valere
414 396 539 475 (1166166,
574 399 606 460 61
638 395 792 461 confertur
813 393 934 460 Senecae
955 394 1056 460 locus:
1092 395 1163 460 »isti

112 502 242 585 expoliti
264 507 297 566 et
318 521 467 584 nusquam
489 503 549 566 nisi
570 503 601 567 in
630 501 756 568 libidine
778 503 864 568 riri«.
914 503 979 568 Hoc
1010 503 1161 568 6661611-

110 611 205 686 citnr,
226 609 305 674 illud
317 609 403 687 falso,
425 611 597 675 cumidem
619 614 651 674 et
673 611 822 694 expolitus
844 615 876 675 61
896 611 943 676 616
964 629 1030 675 6666
1051 613 1161 693 potest

113 737 177 782 666
199 719 276 781 1166
299 719 331 781 61
352 735 434 800 aeger
457 721 488 780 et
510 717 606 783 sortis.
652 717 894 798 Substantivum
923 719 1001 800 quod
1023 720 1071 783 est
1093 717 1162 783 libi

112 825 204 902 61166,
228 825 267 888 ad
289 825 372 906 prius
396 843 514 907 quoquc
536 825 708 889 membrum
729 826 908 891 audiendum
933 827 980 891 est
1002 824 1067 901 (cir.
1091 823 1164 889 Sall.

110 934 192 1016 Jug.
215 932 323 996 XXIX
346 952 430 1014 ceper
452 933 620 1010 66661116),
642 937 673 997 61
695 933 880 1015 adjectivum
894 933 999 1016 sortis
1020 932 1163 997 hocloco

117 1060 182 1105 non
205 1042 241 1104 de
264 1040 396 1122 corporis
418 1040 531 1105 viribus
554 1042 664 1106 sedda
687 1041 786 1104 animo
803 1039 929 1105 dicitur:
952 1041 985 1104 16
1007 1041 1071 1105 6616
1092 1039 1165 1105 libi-

113 1149 189 1213 dine
221 1147 309 1212 lcrtis
332 1151 393 1222 cst;
417 1147 534 1229 *viduas
567 1151 752 1230 aspernatur,
784 1152 940 1213 matronas
972 1153 1004 1213 61
1031 1148 1164 1232 virgines

116 1255 263 1320 Vestales
275 1255 314 1336 (v.
330 1255 382 1338 10)
398 1256 570 1337 corrumpit.
592 1255 665 1318 hinc
686 1254 816 1319 adulter
836 1260 968 1334 vocetur,
990 1257 1071 1338 quod
1092 1255 1165 1319 sub·

117 1363 290 1428 stantivum
313 1381 515 1444 praegressum
536 1366 767 1446 6666616666.
780 1363 944 1444 mercipit
966 1363 1163 1428 Γ1611666166

117 1459 474 1545 6611661611616116116,
508 1470 628 1552 qualem
662 1471 695 1534 hi
729 1489 831 1536 versus
859 1470 980 1548 habent,
1015 1489 1165 1553 nusquam

118 1578 203 1659 apud
226 1575 407 1659 Juvenalcm
430 1577 578 1658 reperitur
608 1596 704 1660 neque
727 1578 932 1661 1661661661,
964 1598 1034 1643 nam
1055 1577 1164 1642 ultima

120 1684 274 1749 sententia
295 1702 349 1765 per
370 1684 492 1748 finitum
515 1685 596 1749 verbi
620 1686 742 1750 modum
770 1688 852 1750 61616
881 1685 996 1751 duobus
1018 1683 1165 1767 appositis

121 1791 361 1875 praecedentibus
394 1791 473 1855 6616
507 1793 692 1875 adjungitur,
726 1813 819 1876 quum
852 1793 1012 1859 ,luvenalis
1044 1793 1076 1856 in
1109 1791 1166 1855 tali

122 1899 340 1964 sententiarum
374 1899 583 1981 conjunctione
616 1903 669 1964 aut
701 1902 826 1965 eandem
859 1901 1004 1965 orationis
1038 1901 1167 1963 formum
1273 1898 1278 1917 ⁸

124 2007 223 2070 666661
245 2008 299 2069 661
319 2005 447 2070 relativa
469 2006 620 2070 sententia
639 2008 794 2089 periodum
810 2008 941 2086 claudat,
964 2011 996 2072 61
1017 2007 1167 2090 adjectiva

125 2114 225 2194 (caper
247 2117 277 2176 61
291 2111 419 2195 fortis),
443 2112 495 2178 ubi
518 2113 742 2181 substantivum
761 2121 941 2181 6666616666
957 2115 1166 2198 praegreditur,

126 2220 349 2285 substantivum
386 2221 566 2285 desiderant.
621 2224 750 2288 Jabnius
778 2226 872 2307 igitur
903 2243 1008 2289 versus
1042 2223 1166 2286 ultimos

127 2330 168 2393 sic
191 2327 314 2392 scribit:

277 2479 309 2541 A
331 2481 432 2555 vitiis,
455 2501 549 2562 666666
572 2480 704 2566 colaque
726 2482 860 2548 libidine
873 2482 980 2566 fortes

279 2586 435 2651 Deliciae:
456 2582 574 2653 61616666
596 2594 725 2655 tantum
746 2595 923 2672 spernetur
945 2589 1082 2677 66161166.

130 2758 181 2822 sed
207 2775 306 2838 neque
330 2757 487 2823 meliorem
509 2761 651 2825 orationis
679 2761 924 2827 distributionem
946 2761 1050 2841 eflicit
1074 2778 1170 2842 neque

131 2864 365 2938 substantivum,
400 2868 478 2947 quod
503 2870 559 2932 ,661
590 2866 721 2948 61611616,
751 2869 795 2933 616
826 2870 897 2951 6661
930 2871 1039 2951 potest,
1073 2884 1170 2948 neque

131 2971 250 3036 codices
285 2973 524 3039 emendationem
557 2977 779 3040 commendant.
834 2976 1064 3040 Substantivum
1097 2973 1161 3038 dcl'

132 3079 418 3144 6666661166
445 3083 536 3164 jungi
568 3082 673 3159 debet,
709 3103 804 3166 neque
836 3084 984 3164 intelligo,
1019 3101 1077 3164 quo
1103 3083 1172 3164 jure

133 3187 162 3250 in
185 3187 375 3251 enarratione
398 3189 507 3252 harum
534 3208 642 3254 vocum
669 3209 687 3254 6
708 3191 854 3273 Rupertic
876 3192 1062 3272 discedatur3
1085 3191 1173 3270 66616

134 3296 210 3358 certe
247 3294 351 3358 multis
383 3297 457 3360 locis
490 3298 590 3379 lepide
609 3291 744 3381 jocetur,
775 3300 830 3388 'sed
860 3318 930 3362 eum
963 3297 1097 3363 delicias
1129 3297 1174 3360 oi-

134 3400 203 3462 duae
238 3401 421 3466 scribentem
453 3405 489 3467 de
523 3424 613 3469 urcre
636 3405 767 3488 Crispini
789 3407 949 3489 cogitasse,
983 3407 1063 3470 baud
1087 3403 1175 3468 166116

135 3511 276 3589 iniquom
311 3510 519 3576 concesserim.
584 3513 691 3577 Vidua
722 3515 800 3596 apud
834 3515 1015 3581 Juvenalcm
1048 3519 1096 3578 661
1132 3531 1176 3588 ea,

135 3635 224 3697 quam
246 3619 475 3683 nemomaritus
488 3657 527 3664 —
540 3620 603 3684 sive
632 3621 836 3704 1666616661,
859 3625 922 3687 sive
945 3624 1071 3686 maritus
1094 3637 1175 3684 mor·

136 3727 206 3787 1666
240 3729 288 3786 661
320 3725 395 3800 (sive
430 3726 494 3790 doti
527 3727 669 3793 obnoxius
703 3736 749 3794 cst
783 3729 1108 3811 cfr.v1,141ctdcc
1129 3730 1177 3791 661

136 3828 272 3911 locuples
294 3852 364 3915 66666
385 3836 998 3917 66666616666)-6611616616166611.
1031 3832 1177 3901 Substan-

136 3940 341 4020 16666661
364 3943 561 4014 6616161166.
584 3945 717 4008 alterum
737 3946 908 4026 appositum
931 3948 995 4011 sine
1017 3943 1108 4009 dubio
1131 3945 1178 4006 661

136 4053 161 4111 et
184 4046 391 4111 chuvcnolis
413 4049 555 4130 loquendi
576 4071 642 4126 usu,
666 4051 736 4133 quia
746 4054 863 4134 pondus
875 4053 997 4135 aliquod
1009 4055 1036 4117 ei
1048 4051 1176 4122 additur,

981 4158 1002 4210 'b
