2566 4404
323 208 365 261 Do
384 207 533 274 particulis
554 209 735 275 copulativis.
1007 213 1048 276 99

112 429 148 472 m
171 411 364 492 adjectivum,
398 407 477 491 quod
498 410 529 474 id
550 410 660 491 ipsum,
691 428 749 491 quo
787 411 867 475 risus
900 414 1048 487 movetur,

115 565 123 592 ,
157 516 274 599 objecto
308 519 490 600 adjunctum
522 517 685 596 invenitur,
719 521 751 582 ot
783 535 966 599 quamquam
990 537 1048 583 non

113 623 181 699 rim,
204 624 387 705 adjectivum
412 623 588 703 asubjecto
611 642 694 688 more
718 628 876 706 poetarum
895 625 1048 690 divulsum

113 732 207 811 ejecto
224 731 367 813 junctum
389 748 455 794 esse
478 747 575 811 posse,
598 730 643 795 ita
664 734 700 794 ut
721 732 813 795 verba
843 730 989 796 Acbe'lles
1012 751 1046 796 se

113 842 175 900 tera
197 837 398 918 traducebat,
433 843 510 918 quae‘
523 855 558 899 eo
578 839 678 929 modo,
713 857 773 919 quo
795 837 991 902 Heinrichius
1013 856 1049 901 ea

113 965 129 1025 3,
153 944 297 1025 explicari
319 945 404 1008 nullo
429 944 516 1007 modo
539 949 675 1024 possunt,
699 943 910 1026 proAcbr'llcs
928 963 1048 1024 anceps

113 1051 242 1115 ducebat
277 1050 327 1114 vel
356 1050 602 1131 ambiyuitatem
623 1069 718 1113 suum
742 1051 933 1115 traducebat
966 1050 1049 1114 dicta

113 1160 212 1222 issint.
236 1159 371 1240 primum
394 1159 483 1238 poeta
506 1174 564 1219 non
588 1157 819 1238 ambiguitatem
837 1157 932 1222 Ulixis
949 1175 1046 1238 nequo

113 1264 235 1329 tehillis
268 1263 384 1326 maiora
417 1283 508 1344 quam
532 1282 598 1344 quae
621 1263 659 1326 ad
683 1267 831 1326 staturam
856 1263 953 1327 Ulixis
976 1269 1048 1344 apta

113 1373 149 1434 ed
172 1372 276 1444 rixam,
310 1389 402 1451 quam
424 1358 552 1433 stultam
575 1387 670 1449 neque
699 1370 794 1433 tantis
828 1369 954 1434 ducibus
977 1370 1045 1452 dig-

113 1497 156 1542 rso
170 1478 262 1553 ducit,
285 1462 417 1550 deridet3
440 1477 547 1539 deindo
569 1476 763 1558 adjectivum,
786 1477 864 1558 quod
888 1481 936 1540 est
957 1478 1045 1540 auci-

135 1585 233 1666 primo
265 1603 370 1648 versus
406 1583 472 1647 loco
500 1583 634 1664 positum
664 1582 702 1645 ab
732 1583 839 1646 eodem
860 1582 1045 1646 substantivi

113 1711 207 1765 ursum
231 1690 400 1755 claudentis
421 1691 583 1771 (causam)
595 1689 699 1754 divelli
723 1709 779 1753 uon
803 1693 912 1770 potest.
957 1690 1044 1768 Quod

113 1798 220 1862 ticulas
241 1795 371 1860 siue-uel
392 1797 512 1872 attinet,
550 1796 710 1860 Juvenalis
731 1795 880 1878 particula
901 1797 969 1860 siue
990 1815 1043 1877 pro

116 1905 215 1968 utitur
238 1902 288 1966 ille
312 1902 443 1984 quidem,
478 1903 529 1966 sed
565 1921 624 1966 nun
652 1902 705 1965 noi
728 1904 878 1983 particula
900 1902 949 1966 uel
972 1904 1043 1966 sub·

113 2031 148 2085 r3
182 2009 365 2092 disjunctiva
385 2012 499 2073 ..nutem
522 2009 629 2076 forma,
665 2026 731 2088 quae
755 2015 803 2071 ast
823 2009 891 2072 siue
913 2028 1045 2089 auarus

113 2119 151 2192 ts,
174 2134 358 2197 quamquam
380 2115 685 2198 evulgariloquendi
696 2134 755 2178 usu
766 2114 915 2192 abhorret
939 2121 1043 2180 tamen

112 2227 199 2288 oetas
221 2227 253 2286 et
276 2224 368 2287 huius
390 2223 492 2286 aetatis
514 2226 652 2286 auctores
678 2223 841 2286 invenitur.
888 2222 1042 2287 Orationis

112 2331 147 2421 ob
159 2330 320 2412 interjecta
333 2330 423 2394 verba
433 2329 503 2393 Nec
515 2330 600 2392 euc'ru
616 2367 651 2376 —
673 2328 786 2394 Ulixes
800 2332 945 2406 mutatur,
968 2329 1040 2392 sub-

126 2436 300 2518 pronomine
321 2440 358 2499 tu
376 2437 535 2518 repetitur,
558 2437 741 2518 conjunctivi
763 2437 893 2499 secunda
914 2455 1041 2517 persona

112 2543 168 2606 lem
191 2543 347 2606 indicativi
369 2561 527 2624 porsonam
563 2542 682 2618 transit,
717 2543 963 2607 enunciationem
986 2545 1039 2606 da·
1123 2560 1129 2573 ·

112 2649 244 2730 niorem,
267 2669 333 2729 quta
356 2651 401 2714 sic
422 2649 527 2726 oritur,
551 2649 689 2730 apodosis
713 2649 895 2725 tecousule‚
915 2650 967 2713 dtc
981 2650 1041 2713 tibi

112 2776 133 2830 r,
166 2757 211 2818 ita
244 2763 279 2820 ut
312 2758 378 2820 lraec
410 2756 499 2820 verba
531 2757 638 2819 eadem
670 2757 733 2819 vice
756 2757 924 2838 fungantur
946 2759 1039 2838 atque
1103 2768 1105 2774 ’

112 2861 440 2929 lraeoaSolonisverba.
487 2864 591 2927 Oratio
613 2864 651 2926 ab
674 2863 762 2926 initio
785 2864 830 2926 sic
852 2863 1037 2935 inst'tuitur,

112 2970 292 3052 aapodosis
315 2975 518 3051 exspectetur:
556 2970 620 3033 sive
654 2988 770 3051 quaeras
800 2969 849 3033 vel
882 2970 957 3033 velis
991 2969 1039 3033 rel

111 3126 119 3152 ‚
142 3071 184 3140 et
197 3078 336 3158 apodosis
360 3077 552 3140 exoratione
577 3080 695 3140 inritata
712 3081 778 3140 orta
795 3081 852 3140 est.
899 3074 1039 3138 Scriben-

112 3187 144 3267 t:

342 3314 380 3375 r'u
403 3332 469 3391 qua
490 3330 525 3375 se
542 3311 732 3374 traducebat
760 3309 873 3375 Ultores
894 3349 936 3357 -

111 3419 263 3500 auditam
284 3436 342 3482 seu
365 3423 400 3481 tu
422 3439 540 3500 mayaco
564 3419 753 3482 discrimine
775 3401 908 3481 causaue

111 3530 243 3608 *oteqere
265 3524 419 3606 affectos:
443 3529 473 3590 te
496 3525 634 3600 consule,
658 3524 709 3587 dic
732 3525 801 3602 tibi,
825 3527 901 3604 quis
923 3527 971 3589 sts

594 3623 599 3632 ι

111 3737 177 3781 inus
199 3721 270 3798 post
291 3715 372 3779 uelts
394 3721 485 3798 atque
509 3715 624 3781 Ultores
646 3717 783 3798 graviore
807 3717 894 3798 signo
916 3716 1033 3796 incidit,

111 3824 160 3887 rire
183 3822 311 3887 verbum
341 3823 520 3886 traducendi
549 3823 661 3904 ubique
690 3825 771 3903 apud
792 3823 973 3887 Juvenalcm
996 3823 1032 3885 de

111 3932 160 3995 oni
183 3931 353 3994 contendit.

137 4038 233 4099 satira
270 4043 371 4111 santa,
420 4057 481 4120 quo
521 4039 589 4106 looo
632 4039 749 4126 puellae
790 4035 968 4103 annutritus
1004 4035 1060 4094 do-

228 4153 236 4163 .
859 4140 893 4192 *t*
