2566 4404
55 242 60 255 ,
110 186 151 249 68
434 182 476 235 De
496 182 646 257 particulis
666 181 845 250 copulativia.

111 385 228 458 fundit3
261 384 314 449 alii
350 386 428 448 hanc
461 385 642 467 particulam
675 404 694 448 a
725 384 847 448 librario
881 385 1075 449 intersertam
1096 403 1150 449 esse

111 493 246 556 dicentes
276 492 419 574 apodosin
453 511 471 555 a
505 491 619 555 verbis:
653 495 740 554 iolas
772 491 910 574 effundit
943 491 1087 556 habenas
1115 493 1152 555 ita

110 598 275 674 inducunt,
309 604 344 662 ut
377 619 482 663 vorsus
516 599 721 681 praecedentes
756 599 1001 664 enunciationem
1033 600 1152 682 pliorem

112 706 297 770 contineant.
341 705 445 768 Aliam
468 724 587 788 quoque
609 706 769 770 enarrandi
792 706 870 768 viam
894 706 1063 787 Rupertius
1084 724 1154 770 com·

110 814 244 889 mandat,
283 817 313 876 et
347 831 466 877 versum
492 816 554 878 229
576 811 622 876 El
645 814 702 893 qni
718 834 782 894 per
795 811 939 895 fraudes
955 815 1155 894 patrimonia

112 919 353 1001 conduplicare,
376 920 447 1001 quia
468 921 500 983 iu
524 939 630 984 novern
654 921 807 984 codicibus
830 920 919 993 desit,
956 920 1093 1001 spurium
1110 921 1155 1003 ju·

111 1028 207 1091 dicat:
234 1030 299 1090 »est
324 1028 404 1090 haud
429 1026 518 1091 dubie
541 1027 651 1091 lacima
675 1028 783 1091 adsuta
804 1027 842 1090 ab
864 1027 1092 1108 interpolatore,
1112 1028 1156 1110 qui

68 1132 70 1138 '
111 1134 202 1198 verba
229 1132 301 1197 Dat
324 1133 505 1198 libertatern
538 1151 596 1196 non
630 1135 843 1215 concoquebat,
878 1134 937 1198 nisi
971 1135 1048 1198 talia
1073 1135 1157 1199 adde-

109 1223 242 1304 rentur«
291 1241 331 1304 Et
352 1240 549 1304 Heinrichius
584 1243 615 1303 et
635 1240 768 1305 Jahnius
802 1244 834 1305 et
865 1241 1062 1306 Hermannus
1096 1261 1158 1306 eunr

111 1351 288 1430 sequuntur,
302 1349 353 1411 sed
377 1348 560 1428 optimorum
583 1347 720 1410 codicum
744 1347 908 1412 auctoritas
923 1349 1159 1413 versumdefeu·

112 1455 165 1528 uit,
188 1473 284 1536 neque
308 1454 375 1518 tolli
396 1456 509 1536 potest.
555 1455 598 1517 Eo
621 1455 703 1518 enim
725 1455 825 1518 deleto
848 1458 985 1536 tempora
1008 1457 1159 1521 vorborum

112 1563 281 1644 (pracepit
303 1565 332 1625 el
347 1560 520 1642 producit)
549 1560 641 1624 nimis
673 1560 839 1624 insolenter
867 1564 1037 1637 mutantur,
1069 1580 1160 1644 neque

112 1670 184 1733 talis
218 1668 349 1732 mutatio
375 1669 408 1731 in
439 1668 532 1731 simili
555 1668 779 1732 sententiarum
801 1669 1015 1750 conjunctione
1038 1689 1160 1752 usquam

112 1776 185 1839 alibi
208 1777 287 1858 apud
309 1774 492 1841 Juvenalem
513 1775 673 1857 reperitur.
718 1775 785 1839 Hoc
810 1776 1007 1841 Heinricbius
1030 1781 1084 1842 aut
1107 1795 1159 1840 non

112 1884 189 1947 vidit
211 1886 265 1946 aut
288 1882 431 1964 neglexit,
455 1884 546 1963 putat
561 1882 651 1959 enim,
675 1884 849 1964 temporum
862 1883 1064 1947 mutationem
1086 1883 1158 1966 apud

113 1993 218 2071 poetas
242 1989 333 2053 nullis
356 1988 467 2052 tinibus
490 1989 706 2064 circumscribi,
736 1991 789 2052 sed
813 2007 905 2070 quarn
925 1992 1032 2071 procul
1057 2007 1159 2055 avaro

113 2096 202 2174 absit,
236 2114 291 2161 sua
322 2096 389 2160 loco
418 2095 543 2177 probare
571 2095 754 2159 conabimur.
802 2096 868 2160 Hoc
902 2098 969 2160 loco
991 2097 1065 2163 talis
1087 2102 1159 2162 tern-

111 2204 192 2285 poris
215 2203 343 2266 mutatio
365 2202 449 2266 nullo
471 2203 560 2265 modo
582 2201 654 2265 ferri
677 2204 791 2283 potest3
826 2202 877 2266 ubi
912 2204 995 2268 enim
1030 2222 1157 2287 praesens

113 2314 233 2391 tempus
255 2309 390 2391 perfecto
413 2307 584 2390 copulative
607 2309 793 2391 adiungitur,
828 2329 947 2391 semper·
976 2315 1094 2376 statum
1115 2330 1158 2374 ac-

112 2418 195 2481 tione
218 2434 385 2498 praegressa
408 2416 549 2479 effectum
575 2419 606 2478 et
628 2416 745 2479 actione
769 2417 856 2480 finita
879 2422 1092 2483 remanentem
1113 2437 1157 2481 cr-

112 2524 227 2606 primit,
263 2524 316 2587 sed
347 2523 422 2586 nihil
451 2522 601 2587 eiusmodi
628 2523 660 2586 in
687 2523 845 2604 producit
865 2524 955 2592 inest.
1002 2526 1096 2589 Multi
1118 2524 1157 2588 illi

112 2631 179 2704 loci,
203 2630 313 2711 qrribus
339 2635 430 2710 poeta
450 2630 585 2710 perfecto
609 2631 829 2695 enunciationis
846 2631 954 2712 prieris
979 2634 1109 2715 tempori
1130 2633 1156 2696 in

113 2737 238 2819 apodcsi
261 2753 394 2817 praesens
418 2736 585 2819 subpungit,
609 2721 790 2818 particulam
822 2742 852 2801 el
884 2738 982 2819 primo
1011 2739 1079 2804 loco
1111 2756 1157 2821 pro

116 2845 214 2908 etiarn
246 2843 379 2926 positam
412 2861 487 2918 esse,
521 2847 552 2906 et
574 2843 649 2908 duos
671 2844 786 2926 primos
808 2864 913 2908 versus
935 2848 1072 2926 protasia
1096 2865 1157 2910 cunr

116 2951 239 3033 apodosi
261 2950 416 3015 continere
439 2950 514 3014 satis
535 2951 678 3032 probant:
702 2952 854 3032 quisquis
869 2954 1031 3034 praecepit
1053 2953 1158 3036 rnapnl

114 3078 238 3125 census·
251 3077 402 3131 ancarana,
419 3056 577 3138 producit
591 3059 689 3121 aliurn
700 3079 826 3139 pueros
838 3079 958 3124 auarus
970 3061 1005 3143 (J
1006 3061 1159 3125 uvenalem

113 3168 144 3231 in
179 3167 235 3231 tali
263 3165 483 3231 sententiarum
508 3165 717 3247 conjunctione
740 3171 770 3230 cl
792 3186 827 3230 err
849 3186 1036 3248 supervacuo
1058 3169 1159 3232 addere

91 3274 211 3338 -solere
230 3274 295 3356 jam
319 3271 647 3352 commemoravimus),
681 3275 713 3336 et
735 3272 828 3336 simili
851 3274 940 3338 modo
962 3274 1065 3349 verba,
1097 3293 1160 3358 qua

115 3384 186 3445 sunt
213 3378 285 3442 Dal
307 3377 498 3451 libertatern,
527 3397 595 3459 quae
618 3397 687 3442 cum
709 3379 868 3454 infinitivo,
902 3380 955 3462 qui
979 3383 1026 3444 cst
1049 3380 1161 3445 conda

113 3486 250 3568 plicare,
275 3484 312 3547 ab
334 3484 552 3566 interpretibus
581 3485 656 3549 mire
675 3487 856 3569 junguntur,
889 3505 999 3550 novam
1021 3489 1162 3570 apadosin

115 3594 273 3668 inducunt,
297 3591 382 3655 cuias
405 3592 542 3673 protasin
563 3591 726 3656 versusEl
748 3594 806 3672 pul
820 3614 884 3674 per
898 3592 1042 3675 fraudes
1058 3595 1162 3675 palri-

116 3701 227 3763 nranr‘u
250 3697 481 3778 conduplicare
502 3699 646 3763 continet.
686 3699 946 3778 Quemadmodum
971 3701 1053 3765 enim
1078 3705 1164 3786 poeta

114 3808 146 3871 in
170 3827 198 3872 v.
222 3808 281 3871 227
301 3805 462 3886 pracepit
484 3824 626 3870 arnoren
648 3806 732 3882 dixit,
767 3807 864 3870 sicin
886 3808 942 3872 hoc
964 3827 1065 3887 versu,
1099 3829 1163 3874 ora·

31 3921 35 3926 '
114 3914 206 3980 tionis
229 3913 327 3978 torma
348 3912 517 3993 paullulum
542 3915 669 3990 mutata,
691 3932 745 3994 pro
768 3913 957 3979 substantivo
979 3910 1165 3982 infinitivum

63 4103 68 4111 ι
115 4019 345 4102 conduplicare
367 4019 452 4102 ponit
474 4019 661 4101 verbumque
683 4038 792 4102 regens
814 4021 973 4102 pracepit
994 4041 1030 4087 cx
1053 4042 1165 4106 praece·
