2566 4404
21 206 33 215 κ
113 178 173 240 112
556 175 598 227 ne
618 174 722 242 ellipsi.

109 376 288 439 arcessenda
311 380 366 456 est.
411 376 546 440 Tertium
570 395 629 440 uon
651 377 843 459 relinquitur.
890 380 959 444 Hoc
977 377 1067 459 igitur
1084 377 1135 441 ioco

110 486 164 546 aut
186 485 233 546 est
248 482 331 564 (erit)
354 485 408 547 aut
418 486 565 547 metuunt
575 485 737 566 (metuont)
749 485 939 549 audiendum
953 489 1008 549 est
1048 485 1137 548 Forma

111 593 215 653 autem
233 590 323 671 prior,
346 608 530 671 quamquam
541 590 699 654 verborum
715 594 871 654 structura
882 591 929 656 sic
941 591 1139 656 effectacrcbro

112 696 243 760 occurrit
265 697 331 765 (cfr.
355 697 397 773 II,
425 700 483 762 104
506 695 633 760 Summi
655 694 747 759 onds
769 701 816 761 est
836 698 984 762 occidere
998 684 1141 779 Galbam),

113 803 212 867 audiri
233 822 294 866 non
316 802 415 880 debet,
449 821 520 866 nam
548 803 593 866 sic
614 822 732 885 quoque
755 808 845 885 poeta
869 805 998 870 maritos
1019 805 1143 886 quodam·

112 911 202 974 modo
225 914 337 985 mouet,
360 927 397 972 ne
413 909 597 973 adulterium
608 909 732 990 impune
744 927 810 973 esse
823 914 993 992 patiantur,
1016 909 1143 975 etrerba:

112 1016 229 1098 Eripit
250 1019 359 1080 antean
381 1015 553 1079 Interdum
582 1014 638 1079 tlte
670 1009 763 1079 dolor
788 1016 872 1097 plus
904 1037 977 1099 sqq.
1010 1018 1144 1101 languent

17 1177 19 1181 ,
112 1143 210 1205 nequo
233 1142 348 1196 caussa,
372 1142 426 1185 cur
448 1123 607 1198 addantur,
631 1123 706 1186 satis
717 1128 853 1204 apparet.
898 1125 1146 1199 Juvenalisenin,

111 1231 163 1310 qui
186 1230 281 1294 atati
304 1230 463 1293 verborum
486 1231 593 1306 forma,
617 1229 715 1310 qualis
738 1233 787 1292 est
809 1228 930 1312 Extyit
953 1236 1067 1306 anton,
1088 1232 1146 1294 ube·

113 1336 223 1400 riorem
255 1337 300 1399 rei
333 1336 464 1401 alicuius
487 1336 534 1399 vel
558 1336 638 1399 vocis
660 1336 895 1419 explicationem
916 1338 1051 1420 incipere
1073 1338 1148 1416 solet,

113 1424 163 1506 his
185 1443 309 1506 vocibus
333 1443 527 1517 sententiam,
550 1460 642 1524 quam
665 1445 833 1506 tractamus
856 1442 1024 1524 (imprimis
1034 1462 1149 1525 poenos

113 1555 348 1630 uniuscunque),
379 1553 483 1630 aperte
506 1549 618 1613 certius
641 1548 755 1623 definit,
779 1567 934 1631 quumque
958 1570 1062 1632 poena,
1092 1570 1149 1633 qne

111 1656 259 1721 adniteris
281 1657 477 1737 deprehensis
499 1656 654 1738 proposita
676 1659 741 1719 erat
763 1657 874 1731 (etiam
892 1658 1032 1738 exempla
1049 1657 1150 1721 summi

112 1769 144 1826 et
176 1763 245 1844 lege
275 1763 366 1827 uetiti
399 1763 552 1826 cruciatus
596 1762 789 1844 edebantur),
829 1765 893 1826 tam
932 1766 1036 1844 gravis
1069 1767 1149 1840 esset

111 1871 146 1933 ut
179 1870 217 1932 ad
256 1887 306 1932 eos
347 1869 384 1932 ab
424 1869 574 1932 adulterio
618 1869 811 1932 deterrendos
845 1869 922 1933 satis
956 1875 1032 1955 apta
1066 1871 1150 1935 fuisse

111 1975 314 2039 existimanda
335 1975 385 2051 sit,
409 1993 516 2039 caussa
537 1975 735 2052 desideratur,
758 1995 811 2039 cur
832 1979 925 2062 poeta
945 1978 1072 2042 maritos
1087 1995 1149 2060 gra·

112 2083 225 2145 viorem
247 2100 383 2162 poenam,
407 2101 499 2163 quam
512 2081 560 2144 len
573 2081 764 2158 concesserit,
787 2083 943 2147 interdum
966 2085 1082 2172 exigere
1103 2083 1146 2147 ad·

111 2189 230 2251 diderit.
279 2188 311 2251 Si
335 2209 368 2251 er
390 2188 541 2269 priman'ae
564 2188 723 2252 sententia
746 2189 837 2252 verbo
859 2190 983 2252 verbum
1010 2170 1146 2265 audimus

113 2298 203 2375 poeta
226 2296 282 2358 hoc
304 2295 394 2358 dicit:
435 2312 564 2376 »poenas
588 2299 705 2359 metuet
725 2314 784 2359 non
808 2296 907 2359 solum
933 2317 994 2374 eas,
1016 2317 1088 2379 quas
1107 2299 1146 2360 lor

112 2402 270 2475 concessit,
295 2403 346 2464 sed
370 2420 420 2464 eas
443 2420 570 2482 quoqne.
594 2420 670 2483 quas
693 2403 820 2465 maritus
842 2402 939 2467 iratus
962 2405 1144 2488 erigereme·

109 2512 179 2570 tuat
191 2508 237 2571 rel
250 2527 317 2571 cum
332 2513 416 2572 metu
430 2509 539 2590 erigat,
562 2509 620 2572 soit
635 2508 717 2572 enim
728 2509 863 2573 dolorem
875 2511 978 2575 mariti
990 2513 1142 2594 graviorem

112 2633 249 2696 poenam,
273 2634 363 2696 quam
386 2615 435 2678 lex
457 2615 648 2683 concesserit.
672 2615 822 2679 interdum
848 2618 995 2701 erigena«
1022 2614 1142 2700 quaelooi

112 2722 263 2785 sententia
276 2722 433 2802 aptissima
446 2724 501 2799 est,
520 2722 572 2784 sed
585 2721 773 2794 vocabulum,
791 2724 869 2804 qnod
882 2726 929 2788 est
942 2739 1138 2805 quoscunque,

112 2829 183 2891 hnic
206 2847 325 2910 quoqne
349 2827 531 2891 enarrationi
554 2828 664 2899 obstat,
698 2829 895 2909 quamobrem
922 2850 1009 2916 parre
1030 2832 1138 2894 adducor

112 2940 148 2998 ut
170 2936 298 3011 credam,
333 2936 424 2998 rerba
464 2954 673 3016 qrrnscnnqne
700 2937 814 2998 martti
834 2935 977 3018 Enipere
997 2937 1074 3000 irati
1093 2949 1135 2996 nou

113 3042 273 3106 sentcntiae
310 3043 444 3106 relativae
479 3043 542 3125 vice
575 3043 664 3123 fungi
704 3045 736 3106 et
775 3046 975 3108 construenda
1008 3063 1080 3108 esse:
1113 3039 1135 3100 et

108 3168 237 3228 poenos
258 3150 374 3212 mariti
395 3150 478 3212 c'rntc'
500 3168 710 3230 quascunque
734 3149 862 3228 eernere
890 3155 1017 3228 metuet,
1048 3151 1085 3214 ita
1109 3143 1133 3205 ui

113 3259 220 3320 auctor
255 3257 412 3337 scripturae
447 3274 533 3320 voces
562 3274 691 3335 poenos
714 3256 841 3336 ccipere
863 3258 967 3321 eodem
990 3258 1074 3322 modo
1091 3245 1132 3313 divi

113 3361 199 3438 velit,
234 3380 293 3444 quo
315 3367 415 3447 poetae
438 3363 544 3426 comici
568 3351 747 3425 ccrnmnom
769 3363 894 3444 ccipere
916 3365 1026 3430 dicant
1076 3360 1134 3424 Con·

107 3468 239 3548 jeoturae
263 3488 320 3553 ope
342 3470 427 3533 locus
450 3473 529 3532 certe
552 3469 703 3533 sanandus
717 3473 773 3546 est,
796 3489 959 3552 quumque,
986 3474 1011 3535 si
1022 3472 1058 3535 ad
1069 3459 1139 3533 norba

115 3575 311 3655 attendimus7
336 3594 432 3650 voces,
455 3595 523 3656 quae
546 3579 617 3653 sunt
639 3579 669 3637 ct
690 3579 807 3640 metuet
815 3596 941 3656 poenos
953 3576 1145 3658 quoscunque

112 3679 237 3754 moniti,
261 3682 286 3744 si
308 3685 400 3762 poeta
421 3683 497 3745 nihil
522 3682 697 3760 addidisset,
721 3684 867 3768 optimam
890 3681 1152 3767 sententiampsae'

112 3785 223 3848 biturae
245 3787 387 3863 fuissent,
413 3789 585 3870 conjectura
608 3789 652 3852 sic
674 3788 822 3852 elicienda
843 3795 899 3866 est,
933 3795 967 3854 ut
990 3808 1044 3856 vox
1067 3783 1164 3872 onds·

115 3912 242 3972 cunque
261 3912 315 3975 pro
337 3894 577 3975 qualescunque
599 3896 726 3968 dicatur,
750 3897 906 3959 etmorttc'
927 3900 1068 3980 genetivo
1089 3879 1184 3991 casu:

113 4005 256 4086 ponatur.
300 4001 390 4066 Nihil
412 4002 566 4066 affirmare
586 4003 705 4072 ausim,
728 4001 791 4063 iroc
808 4007 915 4062 tamen
934 4005 1109 4084 adiungam,
1152 3984 1183 4030 ‘³'
