2566 4404
377 208 420 264 De
438 208 588 278 particulis
607 209 787 278 copulatirie.
1062 214 1103 281 69

107 415 142 477 ‚te
166 412 378 477 enunciatioue
400 411 499 494 priore
522 411 625 476 audit:
647 411 763 495 thuc'
777 413 1104 498 perfraudcepotri·

108 521 163 583 uc'o
185 517 415 600 conduplicare
424 520 592 600 proecepit,
615 519 674 583 dot
692 518 882 585 libertatem,
919 523 991 586 Post
1012 542 1102 586 oneo·

108 629 175 707 c(v.
188 630 263 706 227)
276 629 308 690 et
321 626 553 707 conduplicare
573 633 613 702 (v.
636 630 711 706 229)
734 630 886 692 commate
907 629 1102 693 incidendum

153 734 326 798 Ptonomen
359 734 519 798 relativum
554 753 647 814 quem
668 737 709 816 (v.
732 737 817 813 231),
850 738 886 799 ut
918 735 1017 800 obiter
1045 736 1103 800 hoc

110 858 213 923 ngam
229 841 424 905 Heinrichius
437 840 618 921 Rupertium
631 841 816 924 vituperans,
835 842 886 924 qui
905 842 949 906 sio
961 845 1101 906 enarrat:

110 968 168 1014 tem
191 946 297 1012 Graece
319 952 351 1012 et
373 949 459 1013 docte
481 966 536 1030 pro
551 947 640 1029 quod
652 949 717 1013 scil.
730 949 925 1023 curriculum,
949 949 1103 1031 quoniam,

110 1073 225 1118 censum
246 1055 421 1138 respexeris,
455 1056 493 1118 ad
522 1057 686 1136 equumh.
711 1075 736 1120 e.
758 1055 858 1120 filium
879 1058 1028 1138 spectat«,
1063 1056 1101 1120 ad

110 1162 224 1225 ccedens
246 1161 470 1226 substantivum
498 1181 622 1242 pueros
643 1171 682 1237 (v.
709 1165 785 1240 221)
814 1162 1004 1227 referendum
1034 1181 1101 1226 esse

110 1272 137 1344 t
168 1269 221 1332 sed
250 1269 321 1332 talis
344 1268 508 1333 enormitas
537 1270 617 1352 apud
638 1269 819 1334 Juvenalem
854 1288 913 1335 non
945 1271 1103 1351 reperitur,

110 1393 205 1456 imque
227 1393 415 1457 roceuquae
437 1380 613 1457 sequuntur,
645 1395 750 1440 curms
778 1395 868 1458 quam
891 1378 1020 1441 vectoris
1050 1395 1104 1440 no-

110 1482 129 1546 ri
152 1482 252 1546 multo
273 1483 405 1564 aptiores
427 1483 497 1556 sint,
522 1488 576 1547 ant
598 1483 782 1566 Rupertium
803 1502 867 1547 rem
890 1484 998 1548 bonam
1024 1485 1104 1547 maie

110 1590 234 1661 audisse,
258 1593 313 1652 aut
334 1593 456 1671 poetam
477 1589 680 1653 masculinum
704 1591 897 1672 (cuniculus)
920 1609 974 1672 pro
997 1593 1104 1654 neutro

110 1696 189 1760 uisse
212 1696 390 1760 crediderim
412 1696 466 1760 cir.
489 1697 514 1769 Ι,
538 1700 559 1763 5
580 1696 651 1760 Aut
671 1699 790 1761 summi
805 1697 910 1779 pleno
925 1698 1000 1778 jone
1020 1717 1104 1760 mor-

110 1823 129 1867 e
152 1802 249 1882 b'brc';
285 1803 324 1880 X,
347 1806 408 1870 317
436 1802 601 1883 Quosdam
623 1804 768 1868 moechos
791 1810 821 1869 et
843 1805 977 1886 macilis
999 1805 1105 1868 intrat
1142 1824 1145 1830 ’

110 1910 274 1974 minativus
296 1910 379 1974 vocis
402 1913 449 1973 est
471 1910 595 1992 mouit).

139 2017 177 2080 In
199 2017 292 2081 satira
314 2016 455 2098 septima,
489 2018 541 2081 ubi
572 2022 661 2099 poeta
688 2020 833 2083 miserum
862 2019 1016 2083 rhetorum
1041 2018 1103 2082 Ro·
1143 2033 1145 2038 ·

109 2141 213 2187 norum
247 2123 341 2187 vitam
377 2126 408 2187 et
437 2123 559 2205 quantis
593 2124 745 2189 laboribus
768 2127 934 2207 egestatem
959 2127 1005 2188 vix
1029 2126 1105 2188 effu·

109 2233 140 2294 nt
162 2228 313 2304 describit,
336 2247 393 2293 av.
406 2233 468 2298 203
488 2231 532 2294 sio
554 2231 702 2312 seriptum
724 2236 786 2296 est:

140 2382 310 2447 Paenituit
331 2381 450 2445 multos
471 2402 566 2446 conce
586 2383 772 2464 steriliaque
794 2382 962 2456 cathedrae,

141 2489 234 2553 Sicut
259 2489 495 2590 dhroeprnoobc'
510 2490 634 2571 probat
656 2492 763 2555 caitus
785 2494 885 2570 atque
907 2489 1048 2555 Secundi

143 2597 353 2661 Currebatis:
377 2601 407 2661 et
428 2596 513 2661 bunc
535 2599 664 2678 inopem
685 2598 816 2661 credistis
838 2597 976 2662 Atheooe

139 2705 200 2768 Nil
215 2709 341 2784 proter
360 2703 489 2785 pelidae
511 2725 605 2769 unam
628 2704 774 2788 conferre
797 2708 929 2770 cicutae.

109 2893 154 2938 unc
180 2876 221 2957 (v.
245 2876 321 2952 205)
343 2874 539 2938 Heinriohius
562 2874 715 2939 Socratem
739 2895 805 2941 esse
829 2877 916 2949 dieit3
949 2875 1103 2939 contendit

109 3002 135 3046 m
158 3000 193 3044 ex
214 2982 282 3062 ipsa
304 2981 448 3046 orationis
471 2984 654 3045 cohaerentia
676 3001 828 3064 apparere,
862 2983 947 3047 boue
974 2981 1104 3045 eundem

109 3107 120 3153 e
143 3090 235 3169 atquo
256 3088 355 3165 illum,
389 3106 480 3170 quem
502 3092 633 3153 Athenae
657 3091 762 3154 veneni
790 3089 915 3172 praemio
938 3089 1103 3160 affecerint,

109 3216 146 3260 rm
170 3198 272 3259 autem
294 3195 393 3269 verba,
424 3216 491 3277 quae
520 3199 592 3260 sunt
618 3201 648 3261 et
670 3197 763 3273 bunc,
786 3197 984 3279 grammatice
1008 3195 1103 3276 expli·

109 3303 298 3385 [nequeant
331 3321 451 3366 versum
486 3322 580 3367 unum
616 3306 662 3369 vel
699 3306 800 3386 plures
829 3305 975 3368 excidisse
998 3303 1102 3368 credit.

108 3411 115 3474 1
135 3427 298 3492 pronomen
321 3410 602 3485 demonstrativum,
626 3411 881 3476 formaorationis
900 3413 1026 3484 mutata,
1050 3429 1104 3492 pro

108 3517 178 3581 ttivo
201 3516 375 3597 pronomine
403 3518 538 3597 positum
567 3515 632 3582 esse
661 3519 775 3600 dicunt
809 3520 1025 3601 grammaticas
1053 3534 1103 3580 ra-

108 3643 152 3688 res
174 3623 362 3705 perturbant,
388 3643 455 3687 nam
478 3643 642 3706 pronomen
658 3627 938 3700 demonstrativum,
961 3623 1013 3687 ubi
1034 3641 1103 3704 pro-

106 3750 163 3795 nen
185 3730 347 3794 relativum
370 3731 523 3812 precedit,
547 3750 601 3813 pro
623 3734 759 3807 relativo,
789 3735 867 3815 quod
890 3733 948 3797 alio
975 3768 1009 3778 -
1035 3749 1104 3796 raro

107 3857 159 3903 em
182 3875 224 3883 —
257 3856 328 3902 casu
361 3838 503 3920 subsequi
538 3839 680 3914 debebat,
713 3841 867 3905 interdum
897 3837 1102 3914 substituitur,
1130 3893 1131 3896 ,

106 3965 159 4011 um
181 3965 338 4027 nusquam,
372 3947 452 4028 quod
474 3947 618 4011 hocloco
647 3947 762 4011 fuctum
791 3967 856 4012 esse
884 3947 1001 4029 putant,
1036 3960 1105 4023 pro-

105 4072 165 4118 nen
188 4035 517 4120 demonstrativum'eo
539 4055 628 4118 modo
649 4054 770 4118 relativi
792 4055 857 4118 vice
887 4050 1034 4132 fungitur,
1069 4052 1104 4112 ut
