2566 4404
458 1281 507 1360 De
534 1278 640 1360 metri
665 1279 814 1362 ratione.

200 1543 231 1650 J
231 1587 369 1651 uvenalis
407 1589 438 1652 in
472 1587 609 1652 versibus
648 1586 813 1651 scribendis
845 1586 997 1651 rhetorica
1030 1571 1160 1667 quadam

114 1687 275 1760 arte‘usus
297 1713 417 1759 versum
446 1696 484 1758 ad
512 1715 586 1772 rem,
620 1714 710 1777 quam
745 1695 874 1777 exponit,
907 1693 950 1757 ite
982 1693 1160 1775 pierumque

113 1803 331 1883 accommodat,
354 1805 390 1866 ut
404 1821 501 1880 voees,
517 1822 583 1886 quae
601 1802 746 1884 singulari
761 1803 892 1884 pendere
908 1801 1065 1866 efferendas
1080 1802 1160 1875 sunt,
1244 1808 1252 1823 '

115 1930 151 1976 eo
173 1911 239 1974 loeo
262 1915 418 1994 ponantur,
453 1912 500 1975 eui
522 1911 587 1993 ipse
609 1929 714 1974 versus
742 1910 859 1991 pondus
888 1909 1038 1985 attribuit,
1071 1911 1161 1990 atque

113 2038 211 2096 voees,
239 2022 306 2102 q'uae
329 2019 410 2082 inter
432 2037 463 2082 se
486 2021 686 2101 opponuntur,
713 2017 761 2082 rel
785 2017 892 2099 quibus
915 2016 1011 2081 oratio
1034 2016 1162 2080 eandem

113 2128 176 2191 vim
210 2120 303 2203 addit,
336 2127 441 2190 eadem
464 2145 569 2191 versus
592 2127 662 2189 sede
685 2126 889 2208 designentur,
923 2124 1015 2188 utin
1042 2123 1161 2188 ultimis
1237 2161 1241 2168 ·

113 2242 230 2316 quartae
253 2235 354 2298 satirae
376 2234 527 2298 versibus:

200 2386 267 2451 Sed
280 2387 395 2467 peret,
412 2390 592 2468 postquem
615 2387 806 2451 cerdonibus
829 2405 896 2450 esse
919 2384 1081 2449 timendus

204 2494 374 2576 Coeperat,
397 2494 455 2558 boe
477 2497 589 2559 needed
610 2495 805 2559 Lamiarum
829 2494 912 2558 ccede
933 2493 1086 2557 modendi.

112 2655 166 2717 cfr.
190 2653 227 2730 V,
250 2656 360 2729 51-52,
397 2656 429 2716 et
457 2662 641 2735 quamquam
669 2673 774 2719 versus
798 2655 863 2719 eius
886 2674 904 2718 a
926 2653 1048 2736 Virgilii
1070 2656 1161 2735 atque

112 2761 232 2825 Horatii
269 2761 417 2825 facilitate
452 2764 484 2825 et
515 2765 675 2826 venustate
709 2763 813 2827 abesse
847 2762 1072 2826 eoncedendum
1105 2763 1161 2836 est,

112 2873 217 2933 tamen
251 2873 397 2932 aeeurate
422 2872 487 2932 arte
516 2868 640 2933 formati
671 2874 702 2933 et
730 2872 768 2934 ad
797 2889 871 2950 rem,
896 2886 986 2952 quarn
1011 2873 1162 2950 promunt,

113 2959 333 3058 depingendam
371 2976 492 3058 egregie
529 2978 745 3041 accommodati
769 2978 921 3061 gravitate
943 2980 1034 3059 atque
1056 2994 1161 3041 sonore

114 3085 265 3148 excellunt
282 3083 459 3166 fontemque
481 3103 570 3157 suum
590 3085 823 3167 elereprobant:
849 3084 907 3149 »Si
918 3089 1160 3166 ndtdrdnepdt,

106 3191 194 3274 faed
216 3182 402 3273 indignatio
425 3208 554 3256 uersdm
577 3192 614 3274 (Ι,
638 3195 725 3275 70);«
762 3194 930 3276 indignatio
960 3192 1041 3256 enim
1064 3195 1162 3275 poetae

113 3301 205 3365 rerba
223 3300 349 3389 dietavit
372 3304 463 3382 atque
487 3300 602 3364 sonoris
623 3301 756 3365 versibus
773 3321 808 3366 ea
819 3301 927 3365 induit.
961 3301 1047 3365 Inest
1068 3301 1162 3365 etiam

112 3409 144 3472 in
166 3409 269 3473 satiris
291 3408 414 3490 aliquid,
438 3409 519 3491 quod
540 3410 656 3490 prodat,
680 3411 810 3490 poetam,
828 3411 1082 3491 quemadmodum
1096 3410 1161 3491 ipse

114 3517 196 3591 dieit,
223 3520 367 3599 tanquam
394 3516 426 3579 in
452 3535 485 3578 re
515 3519 584 3580 ante
606 3517 795 3599 incomperta
817 3522 909 3600 atque
931 3517 1037 3600 ignota
1059 3535 1160 3580 versa-

113 3626 181 3689 tum
204 3643 284 3698 esse3
303 3627 368 3707 jam
388 3623 468 3689 altas
491 3624 691 3706 cogitationes
713 3624 785 3688 altis
800 3625 935 3689 versibus
957 3625 1077 3708 premit,
1093 3625 1159 3707 jam

112 3733 248 3815 pedestri
272 3752 356 3813 paene
381 3732 517 3796 oratione
541 3734 652 3796 nudum
677 3733 786 3796 vitium
809 3733 938 3814 exponit,
968 3735 1035 3816 jam
1063 3736 1160 3816 poetae

113 3840 271 3923 ingenium
284 3839 392 3922 fulget,
413 3840 477 3921 jam
494 3840 623 3903 rbeton's
639 3841 775 3904 studium
798 3840 927 3922 eminet3
949 3842 1041 3905 verba
1062 3859 1160 3923 neque

114 3949 151 4012 ad
184 3966 289 4012 versus
323 3949 479 4011 curreutes
513 3951 545 4012 et
580 3951 721 4012 venustos
752 3952 859 4030 sponte
889 3967 921 4013 se
943 3948 1159 4030 composuisse,
1251 3988 1253 3991 .

114 4074 211 4138 neque
235 4055 326 4120 simul
349 4075 427 4120 eum·
452 4055 697 4138 rogitationibus,
732 4076 803 4141 uua
835 4056 1047 4141 exprimendos
1073 4057 1182 4122 eruunt
