2566 4404
109 211 173 275 208
460 207 503 259 De
523 206 677 259 mutatione
695 205 814 258 numeri.

111 410 197 473 etin
219 410 313 472 satira
335 410 391 484 XI,
414 427 473 491 quo
495 408 561 472 loco
583 409 772 472 decoctorem
795 408 927 473 nobilem
958 411 1137 475 (1111111011-

111 517 246 599 gientem
269 516 421 590 describit,
443 535 462 579 a
484 535 512 579 v.
535 517 577 581 52
599 517 665 578 haec
687 516 862 598 subjungit:

196 667 263 731 Ille
285 665 379 731 (10101
399 666 491 733 solus
508 669 661 748 patrium
674 667 895 750 sapientibus,
917 669 981 733 ilia

196 773 370 838 Moestitia
392 780 448 850 cst,
471 776 625 839 caruisse
649 794 737 838 auae
760 777 961 841 circensibus
982 796 1054 841 uuo.

198 881 383 963 Sanquiuis
404 885 441 947 iu
455 881 548 966 facie
569 902 636 946 nou
657 882 756 946 luceret
775 863 1076 964 putiauwrautur

201 988 306 1052 Pauci
327 988 507 1052 ridiculum
522 988 704 1072 sapientem
727 1008 766 1052 cc
787 988 866 1054 urle
881 990 1052 1071 pudorosa

116 1158 250 1221 Verbum
263 1158 401 1238 coutipit
422 1156 764 1221 etlucntiomoestitiu
779 1161 842 1232 est,
865 1159 977 1239 quibus
997 1156 1150 1221 infinitivus

114 1265 263 1327 caruisse
284 1264 333 1326 iris
356 1263 431 1327 locis
454 1265 590 1339 additur,
625 1264 772 1328 eiusmodi
800 1269 889 1337 sunt,
923 1266 1036 1349 quibus
1057 1263 1094 1327 ab
1113 1280 1151 1326 ar-

115 1374 235 1454 genlcae
280 1371 381 1433 aetatis
424 1371 636 1451 scriptoribus,
678 1371 817 1451 quamvis
856 1372 1001 1437 infinitivi
1037 1387 1153 1453 prauum

115 1483 238 1562 tempus
273 1477 356 1540 nullu
392 1478 456 1540 fere
487 1477 718 1558 significationis
751 1479 926 1542 discrimine
951 1479 1000 1565 ‚iis
1031 1479 1153 1553 addatur,

115 1584 259 1648 Infinitivi
281 1585 451 1665 perfectum
474 1587 596 1666 tempus
625 1585 670 1648 ita
691 1585 888 1667 subjunctum
909 1585 1098 1659 inuenirim,
1128 1585 1155 1646 nt

116 1691 265 1777 praeteriti
287 1692 436 1771 temporis
449 1691 710 1755 notioremaneat.
745 1692 889 1773 inpriore
911 1692 994 1756 enim
1016 1693 1083 1756 loco
1103 1693 1155 1754 sta·

117 1801 167 1862 tus
179 1797 291 1861 mutati
305 1798 431 1877 (iusulae
456 1799 583 1875 relictae)
606 1798 787 1880 significatio
809 1798 841 1862 in
862 1799 1015 1864 infinitivo
1026 1800 1113 1871 inest,
1133 1799 1157 1859 ct

116 1906 148 1968 in
164 1905 269 1981 altero,
295 1922 385 1985 quem
397 1905 562 1985 RupertIus
586 1905 631 1968 sic
653 1907 790 1968 enarrat:
816 1907 892 1970 »hoc
914 1908 1037 1970 tantum
1060 1905 1158 1978 uolent,

121 2013 200 2093 quod
225 2011 411 2091 aliquamdiu
434 2010 784 2102 Circensibus-carent«,
806 2016 898 2095 poeta
919 2033 990 2090 non,
1013 2013 1159 2094 (1110111111-

119 2118 209 2200 pertii
231 2118 323 2180 verba
346 2118 491 2191 indicant,
513 2120 550 2181 de
565 2100 732 2205 'moestitia
752 2119 1096 2202 postfugumloquitnr,
1117 2117 1161 2183 sed

118 2226 217 2306 ipsam
240 2228 363 2305 fugam,
398 2226 476 2306 quod
501 2230 661 2306 sequentes
684 2244 788 2289 versus
811 2227 885 2290 satis
909 2226 1080 2303 declarant,
1108 2232 1160 2291 tan

119 2331 283 2394 manifesto
298 2332 450 2412 exprimit,
473 2337 509 2394 ut
529 2332 630 2413 ipsum
654 2332 820 2414 fugientem
844 2335 1035 2397 decoctorem
1052 2333 1162 2398 exurbe

121 2439 325 2519 egredientem
352 2440 523 2518 nequedum
541 2444 628 2520 porta
638 2458 795 2520 egressum
811 2440 978 2505 videamus.
1017 2440 1165 2505 Caruisse

119 2546 169 2608 hic
185 2564 243 2606 non
255 2545 300 2608 ita
312 2563 365 2625 pro
389 2565 431 2618 eo,
457 2548 535 2626 qnod
557 2551 604 2609 est
627 2566 745 2622 carere,
767 2546 897 2627 ponitur,
921 2552 958 2612 ut
979 2548 1052 2613 huie
1078 2547 1164 2612 futuri

119 2653 263 2732 temporis
286 2652 370 2714 notio
392 2653 500 2734 subjici
522 2654 627 2734 possit.
673 2655 710 2716 In
731 2655 797 2735 ipso
819 2657 939 2721 carendi
963 2657 1069 2734 verbo,
1094 2655 1166 2738 quod

119 2778 154 2821 er
186 2759 345 2822 luvenalis
378 2758 452 2821 locis
486 2761 558 2823 solis
593 2762 669 2823 satis
704 2762 820 2839 elucet,
857 2763 966 2844 duplex
990 2762 1167 2845 significatio

120 2868 217 2929 inest:
251 2869 304 2929 aut
338 2869 457 2929 statum
491 2867 624 2948 aliquem
656 2868 854 2931 desiderantis
885 2873 939 2933 aut
966 2874 1050 2935 statu
1074 2872 1168 2950 aliquo

121 2973 282 3055 gaudentis
305 2978 368 3052 est,
392 2974 537 3050 debono,
561 2975 638 3054 quod
658 2975 855 3049 desideratur,
879 2975 928 3039 his
939 2977 1016 3041 locis
1039 2979 1169 3060 positum

121 3080 293 3143 invenitur:
323 3080 389 3154 ΙΙΙ,
424 3084 465 3146 56
494 3080 597 3143 Carco
627 3100 757 3160 samua·
790 3084 820 3158 I,
844 3087 885 3148 59
911 3082 1034 3149 Carere
1066 3104 1170 3155 seusu,

123 3186 211 3258 VIII,
236 3190 256 3251 5
273 3186 394 3249 Statua
410 3206 525 3250 careus
537 3207 628 3262 uaso,
642 3190 677 3251 de
690 3190 781 3268 malo,
805 3207 862 3269 quo
875 3191 943 3271 quis
955 3190 1034 3255 liber
1046 3196 1103 3272 est,
1115 3193 1172 3255 his:

122 3294 167 3365 X,
191 3297 231 3357 37
256 3293 399 3356 Auimus
430 3295 545 3356 usuriis
576 3299 698 3359 terrore
720 3316 850 3374 eureus,
882 3297 975 3371 XIII,
1002 3301 1061 3365 157
1086 3299 1174 3362 Mor·

125 3400 175 3463 dis
197 3401 323 3462 curedis
345 3405 375 3464 ct
397 3400 532 3482 effugies
555 3401 675 3465 lucium
698 3403 751 3465 011.
765 3403 833 3477 Vll,
856 3406 906 3480 57,
928 3403 1016 3482 XIV,
1038 3409 1091 3472 60.
1114 3407 1173 3470 Ru·

123 3507 240 3586 pertins
254 3515 324 3569 'eum
336 3507 561 3571 recentioribus
570 3510 786 3590 interpretibus
798 3511 827 3573 in
842 3511 940 3591 priore
954 3514 1093 3594 exemplo
1106 3515 1176 3579 alte·

124 3630 199 3685 ram,
218 3611 250 3673 in
262 3614 357 3674 altero
371 3615 501 3694 priorem
520 3615 777 3697 significationem
796 3618 885 3681 verbu
905 3618 1053 3700 subjicere
1073 3622 1177 3686 riden-

126 3722 187 3781 tur.
214 3719 473 3794 Quemadmodum
488 3725 588 3785 autcm
601 3722 738 3803 inpriore
745 3724 869 3787 verbum
881 3727 1029 3791 caruisse
1041 3728 1079 3791 de
1087 3729 1178 3806 malo,

126 3843 185 3907 quo
199 3824 268 3905 quis
281 3825 496 3890 liberatusest.
518 3820 650 3908 pinitus,
673 3845 813 3907 0110001,
836 3850 902 3911 quae
920 3839 1006 3898 sunt:
1031 3838 1180 3899 caruisse

126 3931 276 4012 Serapim,
302 3932 384 3994 idem
407 3936 577 3998 necessario
599 3937 702 3999 valent
723 3942 813 4017 atque
826 3937 959 4019 Seriphi
980 3941 1079 4006 cecilio
1105 3943 1182 4008 iiie-

126 4042 208 4116 rari,
232 4040 275 4103 sic
289 4040 320 4101 in
333 4038 429 4103 altero
442 4040 532 4102 homo
543 4042 663 4123 fugiens
680 4048 760 4108 certe
776 4053 900 4122 nroeret,
924 4050 1004 4128 quod
1015 4052 1049 4114 in
1064 4070 1101 4116 eo
1124 4054 1181 4129 est,
