2566 4404
123 176 165 239 42
368 136 371 141 ⁵
410 171 453 224 De
471 169 605 224 liberiore
623 170 769 224 verborum
787 171 897 237 positu

124 394 220 459 quom
232 376 416 439 sententiam
431 374 622 458 interjectam
645 377 714 455 apte
734 373 895 453 inducunt,
917 377 1159 459 carnerequirsa

124 484 243 548 videtur
267 482 321 548 cfr.
346 483 421 548 Hor.
445 483 507 547 Sat.
529 482 570 559 Π,
592 485 622 557 2,
644 485 683 548 27
707 482 798 546 Num
817 485 964 548 vesceris
985 487 1064 563 isto,
1084 504 1161 569 poco
1191 510 1194 529 ¹

125 591 257 669 laudus,
274 590 405 673 pluma.
437 591 545 655 Restat
559 589 687 671 denique
708 589 801 665 locus,
823 591 877 672 qui
897 591 933 655 in
957 593 1057 657 satira
1076 593 1161 674 quint

124 720 179 765 av.
192 703 230 767 87
255 700 387 782 legitur:
410 700 457 763 At
478 697 537 774 tic,
560 699 616 782 poi
637 697 791 762 Pallidus
812 696 956 781 affertur
978 701 1096 765 misero
1116 697 1161 763 toti

124 806 238 885 coalia,
259 805 355 871 olebit
365 806 577 889 Louieroom,
594 806 647 888 qui
657 807 679 872 J
681 805 814 870 uvenalis
830 807 917 872 locus
927 809 1033 872 rarius
1043 807 1160 872 relative

121 916 313 981 attractionis
336 914 507 996 exemplum
529 915 674 996 praebens,
697 916 809 996 quaet
831 914 1074 990 substantivum,
1095 913 1160 997 quod

121 1024 307 1088 sententiam
341 1021 501 1087 relativam
533 1021 699 1098 constituit,
733 1025 765 1086 et
796 1022 985 1105 adjectivum
1020 1025 1160 1088 adherens

122 1131 283 1196 sententiar
317 1130 451 1194 relativa
486 1131 629 1212 adjuncta
663 1131 747 1202 sunt,
785 1149 846 1194 non
877 1129 985 1195 minus
1020 1131 1160 1213 evidenter

121 1241 303 1302 structuram
326 1238 482 1301 vorborum
505 1237 612 1318 prodit,
647 1255 738 1319 quam
769 1237 849 1319 apud
870 1236 1038 1303 Horatium
1072 1237 1157 1311 verba

120 1364 187 1428 quac
211 1348 301 1409 sunt:
340 1344 421 1425 Quis
442 1364 508 1409 nors
530 1343 702 1417 mulorum,
724 1363 806 1427 quas
827 1364 923 1408 omor
943 1365 1047 1410 curas
1068 1346 1157 1420 babet

119 1452 185 1517 baec
221 1454 308 1518 iuter
340 1452 541 1517 obliviscitur
562 1453 668 1534 (Epod.
701 1453 742 1530 II,
774 1453 839 1536 37),
871 1453 964 1535 quale
999 1456 1155 1538 exemplum

118 1563 198 1643 apud
222 1561 406 1627 Juvenalem
428 1580 488 1625 nou
509 1561 669 1625 invenitur.
713 1560 772 1624 Hic
799 1559 985 1625 substantivi
1019 1563 1051 1626 in
1083 1564 1155 1628 clau

121 1668 189 1733 sula
223 1669 382 1732 sententia
416 1668 550 1732 relativae
583 1668 699 1751 positus
721 1668 878 1734 Juvenalis
901 1671 1044 1750 proprius
1065 1674 1111 1735 est
1129 1672 1154 1734 ct

6 1864 8 1869 .
120 1777 198 1858 apud
221 1777 264 1858 pri
272 1795 347 1852 ores,
370 1776 422 1858 qui
444 1780 498 1840 aut
519 1776 689 1858 pronomini
710 1776 837 1841 relativo
858 1775 889 1841 id
904 1777 1097 1861 subjungunt
1108 1779 1154 1841 aut

120 1883 280 1948 sententia
302 1883 508 1965 interponunt,
532 1883 837 1966 variusiuvenitur1),
861 1885 914 1948 sed
930 1886 1024 1950 modo
1034 1885 1073 1951 iis
1088 1885 1153 1950 locis

116 1997 205 2074 poeta
227 1991 402 2055 attractioni
417 1990 528 2054 favisse
544 1991 670 2065 videtur,
693 1992 802 2073 quibus
824 1991 953 2055 formam
975 1993 1152 2058 substantivi

114 2099 309 2163 immutatam
332 2117 450 2164 servare
472 2098 612 2180 potuerit,
635 2101 714 2163 unde
736 2098 849 2163 factum
874 2102 929 2169 est,
963 2101 1054 2164 utin
1075 2102 1153 2165 tanta

115 2209 321 2288 exemplorum
343 2205 428 2288 copia
449 2207 496 2270 bis
518 2209 639 2271 tantum
656 2225 743 2270 casus
756 2209 891 2270 mutatus
904 2207 1037 2273 discerni
1048 2211 1150 2291 posset

114 2316 163 2378 Ad
196 2314 274 2378 hanc
307 2315 489 2394 substantivi
525 2314 791 2396 transpositionem
827 2315 1019 2378 tractandam
1058 2319 1152 2380 trans·

114 2425 221 2487 cuntes
243 2424 280 2486 ad
303 2441 374 2487 eum
396 2421 554 2489 Juvenulis
576 2422 718 2504 loquendi
740 2441 830 2486 usum
852 2422 1050 2498 attendimus,
1080 2421 1153 2506 quod

114 2531 286 2614 subjectum
308 2531 345 2594 ab
369 2531 457 2594 initio
479 2529 638 2595 sententias
656 2548 752 2612 usquc
774 2531 812 2593 ad
824 2529 990 2593 clausulam
1003 2533 1154 2596 retrabere

112 2640 211 2711 amat;
245 2639 372 2702 cundem
409 2637 473 2702 eius
506 2638 639 2720 positum
672 2639 765 2701 etiam
791 2638 822 2701 in
844 2637 1025 2702 attractione
1049 2642 1154 2705 servat.

112 2744 164 2821 At,
197 2743 306 2808 discut
336 2744 455 2827 aliquis,
489 2763 589 2809 nonne
619 2748 682 2809 tota
705 2747 769 2809 haeo
791 2746 871 2830 apud
892 2745 1081 2813 iuvenalem
1109 2750 1154 2811 at·

110 2853 218 2916 tractio
248 2853 371 2917 relativi
404 2853 478 2926 loco,
512 2853 563 2934 qui
589 2852 622 2916 in
644 2851 735 2916 sativa
757 2852 830 2915 XIV
852 2871 870 2917 a
891 2871 918 2916 v.
943 2853 1155 2938 taulegius:

110 2958 286 3043 Maiorque
322 2959 451 3024 cicietur
482 2959 528 3023 Ei
567 2959 681 3024 melior
711 2960 820 3024 cicino
852 2979 954 3042 sepes,
996 2964 1156 3028 marcoris

110 3070 141 3131 ei
173 3067 257 3132 tunc
290 3071 320 3133 et
344 3067 490 3132 Arbusto
517 3072 547 3131 ei
576 3068 677 3132 denso
708 3068 922 3150 montecucari
950 3074 1047 3151 occet
1069 3071 1156 3136 otico

110 3174 246 3239 funditus
270 3176 423 3255 evertitur,
453 3194 548 3240 nonne
569 3176 629 3240 huc
650 3175 747 3239 locus:
777 3173 867 3240 Unde
888 3174 953 3239 icccc
975 3177 1068 3259 omis,
1093 3179 1156 3243 ivir-

109 3285 182 3346 suio
205 3283 337 3363 spirant
358 3282 568 3364 opobalsamo
596 3282 676 3347 coilo
703 3282 780 3363 Qoae
813 3281 895 3347 tibi?
927 3283 1009 3347 trahi
1041 3287 1156 3352 debet?

110 3387 350 3467 substantivum,
380 3391 457 3474 quod
489 3388 680 3456 sententiam
698 3390 858 3455 relativam
890 3390 1060 3470 coustituit
1096 3413 1157 3460 non

132 3712 152 3774 ¹)
178 3711 245 3764 Hor.
273 3718 324 3765 sat.
351 3712 373 3777 I,
394 3715 416 3779 1,
434 3714 466 3768 87
495 3713 526 3765 si
541 3731 605 3764 nemo
619 3722 727 3779 praestat,
755 3732 821 3778 quern
838 3733 882 3765 non
899 3715 1013 3764 merearis
1035 3733 1154 3784 amorem3

175 3795 211 3862 II,
231 3798 254 3859 2,
273 3797 306 3852 86
341 3796 396 3848 Tibi
420 3798 531 3862 quidnam
557 3798 647 3848 accedit
671 3797 706 3847 ad
730 3799 808 3864 utam,
840 3799 916 3856 Quam
936 3816 995 3863 puer
1011 3809 1036 3855 cr
1053 3803 1155 3855 vairdus

82 3907 85 3913 -
171 3881 297 3945 presumi
313 3880 443 3945 moltitiem
462 3881 575 3935 Ovidius
593 3881 713 3949 plurima
731 3881 860 3948 exempla
877 3882 999 3950 praebet:
1028 3885 1096 3940 Met.
1117 3888 1154 3955 11,

174 3968 225 4021 440
242 3966 291 4016 Est
308 3964 381 4014 oblita
400 3965 539 4030 pharetram
562 3966 653 4017 Tollere
674 3983 724 4016 cum
741 3966 794 4017 telis
811 3976 833 4017 et
850 3983 915 4032 quem
932 3970 1093 4033 suspenderat
1111 3991 1154 4023 ar-

173 4067 232 4110 cum,
249 4049 299 4114 ΙΙΙ,
313 4051 358 4104 121
379 4049 499 4115 Eaapv‘rot
516 4051 581 4101 modo
598 4068 660 4117 quos
677 4061 801 4117 memorat
818 4068 900 4104 arras.
