2566 4404
453 229 496 283 De
515 228 619 296 ellips'a
1004 235 1064 301 129

111 430 205 494 ichius
238 432 341 513 plures
374 431 511 495 homines
533 431 695 514 loquentes
722 432 851 514 inducit,
886 435 939 498 sed
972 454 1064 517 quam

112 558 125 601 n
159 538 219 627 sibi
251 555 440 620 persuasam·
462 538 611 602 sermonis
641 539 887 604 distributionem
919 541 1063 623 proferat,

112 646 168 708 nde
196 647 333 727 apparet,
367 646 454 726 quod,
489 648 649 727 postquam
678 650 800 727 poetam
822 665 841 710 a
862 646 954 712 Pone
975 649 1062 713 domi

112 753 128 835 ·)
151 753 190 816 ad
217 753 296 833 Qum
318 750 414 815 labro
436 760 475 825 (v.
501 755 555 828 67)
579 752 661 834 loqui
683 753 767 828 dixit,
802 754 901 818 tertiae
924 774 1062 836 personae

121 859 160 922 ad
181 858 243 922 Nil
264 858 379 923 borum
402 865 440 936 (v.
465 862 527 934 71),
551 862 668 941 quartae
690 861 747 923 hoc
769 878 947 942 responsum
970 863 1060 927 attri-

113 967 303 1048 puamobrem
325 965 484 1052 Rupertio
519 966 570 1047 qui
601 985 707 1029 versus
730 970 855 1034 65-67
880 968 929 1032 vel
950 969 1061 1050 populo

113 1073 207 1138 uibus
218 1072 344 1137 ascribit
359 1073 527 1148 (confusam
543 1073 679 1136 eiusdem
690 1073 786 1137 totius
798 1076 946 1140 sermonis
958 1076 1062 1140 distri-

114 1199 163 1242 em
176 1198 225 1243 me
237 1178 377 1244 omittere
403 1197 494 1264 posse
517 1179 669 1261 arbitror),
692 1197 836 1245 assensus
854 1200 928 1257 esse,
951 1184 1060 1249 deinde

114 1287 192 1350 tiam
214 1286 380 1350 mutavisse
403 1285 532 1350 ridetur.
588 1286 618 1349 A
641 1306 668 1349 r.
689 1289 733 1353 ¹12
757 1286 824 1351 Sed
845 1289 926 1368 qnid
947 1289 1059 1355 Turba

114 1412 146 1457 as
174 1393 213 1456 ad
240 1392 367 1462 Panem
396 1396 427 1456 et
460 1390 628 1457 Circenses
658 1395 696 1476 (v.
721 1394 776 1476 81)
811 1398 934 1476 poetam
966 1397 1058 1478 loqui,

114 1518 243 1564 armenes
259 1501 316 1564 bac
330 1500 504 1583 parenthesi
520 1500 706 1581 interruptos
724 1501 769 1564 ita
780 1501 950 1565 continuari
961 1508 1058 1584 putat,

114 1627 140 1672 er
162 1607 251 1671 modo
272 1608 363 1671 verba
388 1606 558 1670 Perituros
581 1607 680 1671 audio
696 1606 815 1671 mattos
838 1612 877 1683 (v.
894 1612 958 1691 81),
981 1611 1058 1675 alter

115 1737 122 1779 r
150 1714 239 1800 dicat.
285 1715 384 1778 Mnito
418 1712 589 1794 simplicius
623 1734 658 1778 ao
692 1715 792 1778 verius
821 1714 953 1779 Jahnius
983 1718 1057 1782 duos

115 1842 119 1883 r
146 1839 252 1885 versus
278 1823 376 1902 poetae
404 1821 552 1884 attribuit.
588 1824 619 1885 et
649 1821 779 1902 reliquos
808 1840 915 1886 versus
945 1823 1057 1906 dialogi

124 1929 171 1991 ita
192 1927 361 2009 distinguit,
394 1931 431 1991 ut
458 1928 536 1990 alter
564 1928 655 1991 verba
677 1946 695 1991 a
720 1927 798 2007 Quae
821 1926 916 1991 labro
939 1938 978 2004 (v.
1003 1935 1057 2015 67)

116 2035 199 2099 erius
233 2052 413 2119 responsum
446 2033 507 2098 Nil
540 2034 655 2114 hornan
689 2039 727 2109 (v.
757 2036 810 2114 71)
848 2035 983 2117 proferat
1025 2042 1057 2102 et

116 2161 145 2208 so
178 2144 337 2206 contentus
369 2142 459 2205 modo
494 2142 584 2206 verba
618 2140 708 2204 Bene
741 2139 855 2221 bobet;
897 2143 947 2207 nit
974 2143 1056 2224 ptus

117 2264 168 2326 spo
193 2248 232 2326 (v.
254 2251 307 2326 72)
329 2249 461 2329 adjiciat,
485 2250 538 2313 sed
562 2249 688 2311 eandem
710 2250 905 2330 parenthesin
928 2250 1054 2327 inducit,

125 2354 256 2437 reliquos
289 2373 393 2420 versus
426 2356 531 2418 eodem
565 2356 653 2419 modo
690 2355 854 2425 distribuit.
899 2357 974 2436 Quae
1008 2363 1055 2422 est

136 2462 191 2526 illa
225 2463 430 2543 parenthesis,
465 2482 532 2543 quac
561 2462 718 2525 avertis:
743 2461 809 2525 Sed
838 2464 919 2542 qnid
944 2464 1054 2529 Turba

118 2568 169 2632 rs?
232 2569 390 2649 Sequitur
424 2568 597 2650 fortunam
632 2571 670 2630 nt
703 2587 829 2649 semper
868 2572 925 2634 tali
965 2573 1054 2637 modo

118 2698 124 2739 r
157 2677 245 2758 capit,
281 2679 316 2739 ut
348 2677 416 2740 duae
449 2677 557 2761 primae
591 2677 657 2739 eius
687 2676 917 2743 enunciationes
946 2680 1054 2744 eadem

118 2783 282 2858 efferantur,
305 2801 364 2863 qna
378 2783 553 2867 praecedens
574 2783 772 2864 interrogatio
797 2787 827 2847 et
850 2790 1053 2866 responsum?

121 2909 154 2954 os
177 2908 282 2954 versus
304 2890 411 2971 legens
433 2887 600 2952 orationem
614 2889 851 2971 interrogatione
867 2893 899 2953 et
910 2911 1053 2974 responso

119 2997 171 3060 rari
200 3015 262 3060 non
289 2997 413 3059 credat?
463 2997 545 3070 Quod
580 3014 669 3060 voces
698 2996 761 3059 Nil
776 2996 858 3077 ptus
887 2998 1078 3081 interropo'

121 3108 185 3181 unt,
221 3107 301 3168 certe
324 3121 384 3166 non
411 3103 552 3186 impedit,
586 3104 746 3184 quominus
769 3105 849 3167 idam
872 3104 962 3168 homo
985 3105 1055 3170 Sed

119 3213 200 3276 arba
223 3215 363 3274 tremens
391 3210 559 3291 interroget
587 3212 636 3285 (ad
666 3211 847 3293 particulam
870 3211 928 3275 scd
949 3216 1051 3278 atten-

119 3337 133 3382 a
157 3321 226 3394 est),
249 3337 322 3381 nam
345 3318 433 3381 modo
456 3336 487 3380 se
511 3317 548 3380 de
571 3315 679 3380 Seiano
701 3317 779 3380 nibil
801 3300 932 3400 amplius
955 3320 1050 3385 inter-

119 3445 176 3490 um
201 3443 268 3489 csse
291 3425 432 3498 declarat,
466 3425 497 3486 et
526 3425 647 3488 turbam
677 3423 834 3488 hominum
864 3426 903 3489 ad
925 3428 1052 3493 cadaver

120 3531 213 3597 {ciani
225 3534 455 3596 concurrentem
468 3531 575 3594 videns
586 3532 643 3593 hoo
659 3530 727 3594 visu
749 3535 918 3597 commotus
941 3554 1051 3600 noram

120 3641 269 3722 rationem
295 3639 332 3701 de
355 3638 481 3702 consilio
500 3637 598 3701 turbae
610 3637 786 3701 festinantis
799 3639 889 3704 addit.
916 3642 991 3706 Tam
1004 3644 1050 3707 vi-

120 3747 232 3810 :oratio
243 3750 351 3827 poetae,
362 3747 397 3807 ut
409 3744 511 3808 omnia
524 3745 619 3807 oculis
632 3763 753 3808 cernere
766 3747 931 3811 videamur.
956 3751 1049 3814 Poeta

135 3852 333 3935 parenthesin
355 3852 435 3915 inter
458 3869 613 3914 sermones
634 3851 820 3928 interseruit,
844 3857 1048 3922 etccntinuus

120 3980 164 4024 mo
186 3959 267 4023 inter
296 3962 430 4043 poetam,
464 3958 516 4040 qni
545 3958 760 4041 respondentis
784 3961 924 4026 hominis
947 3965 1062 4044 partss

122 4067 190 4146 agit
226 4067 436 4131 ethominem
462 4067 629 4152 dephcha
658 4060 759 4155 quem*
777 4072 878 4154 poeta
891 4068 1093 4148 mouentem
1157 4139 1161 4145 ,

862 4173 882 4226 b
