2566 4404
120 215 161 278 66
444 213 488 266 De
506 214 657 279 particulis
677 213 857 282 copulativis.

120 415 171 481 vei
194 415 353 480 Juvenabs
375 417 460 480 nulio
494 416 669 480 discrimine
703 417 877 482 adhibuisse
905 419 1036 498 videtur,
1065 424 1095 484 et
1120 421 1161 484 ubi

122 522 174 588 vel
196 527 273 600 (aut)
303 524 434 588 alterum
468 523 641 587 membrum
674 523 824 605 adjungit,
858 525 987 590 tertium
1021 532 1079 591 aut
1100 528 1163 610 (vel)

120 630 225 694 crebro
248 631 380 695 vincitur
403 630 474 706 (ΙΙΙ,
487 634 537 706 93,
564 633 633 704 120,
656 633 748 704 24l);
771 631 804 694 in
825 631 1115 715 interrogationibus
1126 637 1166 709 (ut

119 738 191 810 XV,
208 740 280 814 103)
305 742 335 801 et
357 738 409 801 ubi
431 738 582 819 particula
592 738 623 800 si
637 737 790 819 praecedit,
813 740 964 821 pamicula
985 761 1025 805 ce
1049 743 1165 806 alterum

14 873 16 877 ¹
108 845 466 922 membruminterdum,
486 845 538 908 sed
551 863 625 918 raro,
644 845 792 927 adjungit,
816 845 941 928 reliquis
961 847 1047 925 locis,
1068 848 1166 931 quibus

119 953 186 1016 haec
207 950 359 1033 particula
379 950 503 1035 legitur,
537 934 656 1014 codices
679 951 742 1014 fere
764 953 877 1034 ubique
899 953 980 1017 inter
1004 975 1067 1034 que
1088 959 1118 1019 et
1136 975 1168 1018 vc

120 1061 279 1135 fluctuant,
307 1062 345 1124 'et
379 1077 415 1122 ea
448 1063 495 1121 est
528 1057 650 1120 illorum
679 1057 815 1121 locorum
836 1060 925 1137 ratic,
959 1063 1167 1144 discriptum

121 1187 188 1250 quae
205 1170 333 1250 estque,
356 1165 518 1247 plerisque,
541 1183 579 1228 ne
602 1165 702 1228 dicam
724 1166 874 1243 omuibus,
896 1169 1089 1248 praeferenda
1109 1186 1168 1232 esse

118 1275 265 1338 videatur,

207 1402 388 1483 Priusquam
421 1402 459 1465 ad
481 1401 621 1483 asyndeti
643 1419 734 1464 usum
756 1404 963 1482 exponendum
988 1386 1168 1487 transgredi·

121 1494 198 1586 mur,
221 1511 304 1574 locos
325 1507 487 1571 nonnullos
510 1508 738 1590 subjungemus,
771 1508 880 1589 quibus
910 1510 1061 1591 particula
1084 1530 1168 1593 cepu-

120 1618 215 1682 iativa
237 1620 291 1681 aut
312 1615 493 1679 insolentius
520 1615 620 1696 posita
642 1619 698 1691 est,
732 1619 786 1679 aut
818 1616 856 1679 cb
888 1618 1027 1697 positum
1061 1635 1170 1681 errores

82 1753 84 1759 ’
120 1725 222 1789 movit.
278 1724 316 1786 In
350 1722 445 1786 satira
482 1720 564 1795 XIV,
601 1739 661 1802 quc
694 1720 759 1784 lcco
792 1725 882 1802 poeta
910 1724 1042 1806 juvenes
1075 1727 1167 1788 cetera

121 1829 281 1914 parentum
315 1829 391 1892 vitia
418 1831 534 1909 sponte,
570 1828 728 1892 avaritiam
751 1829 862 1892 invitos
884 1830 1001 1894 imitari
1025 1832 1121 1907 dccet,
1141 1830 1180 1895 bi.

117 1958 222 2002 versus
244 1937 389 2019 leguntur
412 1938 583 2011 (av.109):
639 2018 642 2024 Ι
859 1933 862 1936 ’

202 2105 310 2170 Fallit
333 2107 419 2169 euim
440 2105 557 2167 citium
578 2104 683 2183 specie
703 2104 837 2167 uirtutis
860 2108 890 2168 et
911 2106 1039 2182 umbra,

206 2213 311 2294 Quum
334 2214 379 2276 sii
404 2214 497 2276 triste
520 2211 633 2274 babitu
655 2210 810 2290 vultuque
832 2215 862 2274 ei
883 2216 968 2276 beate
989 2232 1141 2278 severum.

123 2381 222 2445 Vultu
244 2400 301 2445 ncu
326 2382 363 2446 ad
387 2382 481 2446 triste
503 2381 556 2444 sed
578 2381 615 2443 ad
646 2399 791 2444 seuerum
816 2382 1008 2445 referendum
1039 2388 1094 2458 est,
1126 2380 1181 2446 sic¹

119 2488 200 2553 enim
222 2491 333 2568 praeter
355 2487 415 2551 alia
442 2488 535 2553 etiam
567 2487 659 2551 metri
694 2489 770 2551 ratio
803 2488 945 2568 pustulat,
981 2491 1034 2552 sed
1068 2496 1162 2553 utrum

115 2595 272 2677 particulae
295 2598 412 2675 que-ct,
448 2597 526 2677 quod
555 2595 636 2679 apud
659 2594 839 2659 Juvenalem
872 2594 967 2658 rarius
990 2595 1057 2658 fieri
1081 2613 1162 2678 supra

117 2701 255 2773 diximus,
289 2720 343 2782 pru
367 2704 444 2765 et-ei
466 2703 572 2783 positae
602 2701 673 2781 sint,
709 2720 748 2763 an
770 2696 920 2782 particula
942 2721 1003 2780 que
1026 2702 1082 2767 hcc
1104 2705 1161 2766 leco

115 2809 246 2873 alterum
269 2807 440 2872 membrum
462 2813 612 2882 annectat,
648 2809 773 2872 dubium
807 2827 872 2871 esse
907 2812 1018 2889 potest.
1065 2809 1162 2874 Credi·

115 2917 338 2999 derimtamen,
351 2914 541 2993 Juvenalem
565 2917 616 2997 qui
639 2915 770 2979 alterum
792 2914 964 2979 membrum
981 2927 1053 3000 post
1068 2917 1161 2999 gravi·

114 3043 198 3088 crem
221 3041 367 3116 caesuram
385 3042 440 3105 per·
462 3024 629 3104 asyndeton
651 3041 761 3104 ponere
784 3022 933 3104 praecipue
956 3027 1051 3104 amet,
1074 3024 1161 3089 etiam

112 3133 170 3195 hcc
192 3132 258 3196 lccc
282 3135 390 3212 que-et
413 3148 466 3212 pre
488 3133 560 3193 etei
587 3130 724 3212 posuisse
752 3130 818 3198 (cfr.
842 3131 926 3193 Pers.
949 3129 1006 3204 ΙΙΙ,
1043 3137 1084 3198 25
1105 3131 1162 3196 Eat

114 3239 174 3302 tibi
189 3237 443 3321 sermonicum,
458 3257 585 3317 purum
607 3240 638 3301 ci
658 3238 730 3301 sine
753 3237 823 3301 iube
845 3236 1012 3313 salinum).

198 3369 234 3432 In
258 3368 353 3432 satira
376 3370 460 3431 sexta
481 3371 579 3448 pocta,
602 3370 766 3448 postquam
786 3367 870 3430 varia
891 3368 1035 3463 remedia,
1060 3371 1165 3452 quibus

112 3494 200 3538 vanae
222 3474 373 3552 mulieres
404 3477 439 3538 ut
471 3473 606 3537 moechis
640 3473 801 3554 placerent,
825 3474 954 3538 colorem
980 3478 1011 3539 ct
1035 3477 1163 3559 pulchri·

111 3581 253 3645 tudinem
275 3581 364 3651 faciei
388 3599 507 3644 servare
530 3580 723 3654 conabantur,
748 3581 915 3662 descripsit,
939 3599 1002 3645 av.
1016 3587 1075 3650 471
1103 3586 1165 3649 bac

110 3689 263 3771 adjungit:
764 3682 767 3687 ’

197 3841 263 3905 Sed
284 3859 355 3921 quie
376 3840 512 3903 mutatis
534 3837 703 3910 inducitur
727 3843 823 3919 utque
837 3839 973 3922 fovetur

199 3949 258 4013 Tot
280 3947 547 4011 medicaminibus
570 3949 726 4040 ccctoeque
748 3946 894 4028 silipicis
917 3946 1001 4028 offas

195 4056 326 4138 Accipit
348 4059 377 4120 ei
400 4052 549 4130 madida,
570 4050 680 4134 facies
703 4054 827 4117 dicetur
850 4074 895 4118 aa
917 4054 1037 4119 uicus?
