2566 4404
109 198 168 261 196
456 190 499 245 ue
520 189 673 244 mutatione
692 191 812 243 numeri

111 398 248 477 exempla
271 395 385 478 prolata
410 397 496 468 sunt,
519 398 612 480 poeta
633 411 739 458 omnes
761 395 974 476 oomplectans
995 397 1054 460 hoo
1075 397 1156 460 dioit:

111 504 313 569 Criminibus
335 502 449 566 debent
471 502 591 579 hortos,
607 502 785 582 praeiorr'a,
808 523 960 579 merosus,
990 509 1023 567 at
1044 504 1157 568 omnino

108 613 166 676 hoo
199 612 287 675 ruodo
316 609 506 691 singularum
542 627 642 672 rarum
672 612 1001 674 oommemorat-ionenr
1023 611 1158 692 mlligna

107 721 200 783 amat.
248 718 313 782 Uno
335 716 401 781 luno
423 721 512 797 poeta
539 733 603 778 rom
636 715 820 799 apertiorem
853 717 974 793 raddit3
1009 718 1042 782 in
1064 718 1159 781 satira

108 825 188 890 onim
204 824 270 890 XII
291 845 317 888 v,
341 827 412 897 223,
437 827 595 904 postquam
618 841 638 886 a
659 842 686 887 v.
700 826 763 888 209
786 822 929 888 scelerati
952 825 1089 888 hominis
1109 843 1159 887 an·

107 951 212 1016 goram
235 932 330 999 animi
352 930 497 1014 depinxit,
516 930 586 992 lraec
608 929 782 1011 subjungit:
804 919 856 993 Hi
870 936 960 1008 sunt,
985 933 1045 1012 qui
1067 932 1160 1012 trepi-

109 1040 190 1103 dant
213 1043 243 1103 nt
265 1038 310 1102 ad
336 1038 446 1101 omnia
468 1035 613 1118 sulpura
628 1035 773 1116 pulian-t,
806 1037 861 1119 qui
895 1039 982 1103 loous
1017 1039 1161 1121 originem

108 1147 199 1210 hrrius
222 1147 369 1210 transitus
393 1144 468 1208 satio
497 1148 602 1228 aparte
624 1143 733 1225 prodit.
778 1144 941 1228 Imprimis
964 1146 1062 1210 satira
1083 1149 1163 1211 sexta

111 1253 209 1317 multa
232 1254 371 1336 onempla
403 1250 534 1335 prabet,
567 1269 638 1314 nam
672 1250 704 1314 in
727 1251 784 1315 haa
816 1254 907 1332 poeta
936 1254 1054 1334 crebro,
1076 1254 1163 1316 ubia

109 1360 334 1435 vitioaliouius‚
358 1377 447 1440 quom
471 1360 586 1422 canius
608 1357 755 1434 definivit,
778 1359 815 1419 ad
839 1377 955 1423 novum
978 1361 1089 1424 vitium
1113 1362 1162 1424 da·

110 1467 303 1532 scribendum
325 1465 445 1541 transit,
463 1466 528 1547 jam
553 1465 700 1547 singulari
719 1465 786 1547 jam
808 1464 923 1545 plurali
947 1485 1078 1532 numero
1101 1486 1162 1531 rar·

114 1575 187 1639 bum
227 1575 329 1648 offert,
371 1576 462 1654 prout
495 1571 701 1636 substantiva:
741 1571 870 1649 famina,
915 1571 1057 1651 feminae,
1095 1593 1162 1638 uror

113 1683 287 1746 audiuntur.
337 1680 379 1743 lis
407 1699 474 1761 quaa
505 1680 592 1761 posui
615 1679 762 1760 exemplis
783 1698 880 1743 unum
902 1683 1027 1744 tantum
1049 1682 1162 1744 addam.

89 1790 217 1867 [Poeta
251 1790 411 1871 postquam
442 1805 460 1850 a
488 1805 516 1850 v.
539 1788 616 1852 366:
650 1785 737 1857 Sunt
770 1805 853 1866 quos
886 1787 1030 1852 maachi
1063 1786 1163 1851 imbri»

112 1896 158 1961 los
181 1946 188 1960 .
212 1946 217 1955 .
246 1947 252 1958 .
277 1895 438 1960 delectant
461 1892 618 1957 libidinem
641 1892 805 1957 mulierum
816 1894 1006 1978 perstrinxit,
1033 1896 1078 1959 sio
1100 1912 1118 1957 a
1137 1914 1161 1957 r.

111 2007 174 2071 379
200 2005 367 2069 orationem
391 2001 564 2065 continuat:
588 1999 627 2063 st
640 1999 762 2080 pandet
785 2004 895 2077 annin,
917 2000 1049 2066 nullius
1062 2001 1162 2086 fidolo

114 2111 222 2175 darant.
281 2109 339 2174 His
362 2111 451 2189 atquo
481 2105 633 2170 similibus
656 2107 731 2171 locis
756 2107 890 2191 exceptis
913 2109 997 2172 vorbi
1024 2127 1161 2173 uumerus

119 2238 177 2283 non
211 2224 324 2283 temera
358 2217 510 2290 mutatur,
546 2218 577 2276 at
609 2216 643 2276 in
664 2214 757 2278 satira
780 2218 879 2291 serta,
902 2215 955 2277 ubi
977 2220 1070 2297 poeta
1092 2219 1161 2278 Am·

116 2327 237 2412 plrionis
264 2328 380 2389 luctum
402 2320 574 2385 describens
596 2321 662 2383 haeo
685 2321 759 2384 dioit
784 2323 815 2402 (a
836 2340 863 2384 v.
892 2325 982 2395 172);

202 2479 316 2549 Porro,
333 2495 460 2558 precor,
483 2473 595 2544 Prona,
619 2475 648 2534 et
671 2475 706 2534 ta
729 2471 850 2551 depone
871 2473 1026 2553 sapidior,

202 2587 263 2650 Nil
279 2585 379 2667 parari
393 2582 537 2666 sumunt,
560 2581 668 2660 apsaro
690 2580 838 2663 ronfipr'te
859 2583 1007 2655 matram,

205 2694 370 2775 Arnpla'on
394 2689 522 2765 dianoni,
544 2687 603 2751 sed
623 2685 727 2749 Poeon
751 2686 914 2749 contrahit
936 2707 1062 2751 urorum.

122 2865 210 2930 inulti
235 2865 433 2946 interpratm,
467 2858 547 2921 inter
580 2876 654 2938 quos
676 2855 808 2920 Jahnius
831 2862 862 2918 ot
886 2856 1099 2931 Hormannus,
1130 2856 1164 2920 ob

118 2973 265 3055 pluralem
291 2969 383 3045 verbi,
407 2967 487 3048 quod
510 2971 556 3028 est
578 2964 734 3047 oonfipr'te‚
757 2982 916 3026 numerum
941 2966 1166 3048 exconjectura

120 3082 252 3161 tiranii,
283 3078 354 3161 quia
376 3073 524 3154 corripite
546 3073 604 3134 duo
628 3069 765 3143 numina,
788 3070 963 3151 Apollinem
985 3074 1079 3152 atqua
1102 3071 1166 3134 Dia·

121 3207 200 3256 narn.
221 3188 448 3268 complectatur,
468 3182 621 3260 despuas
632 3196 687 3262 pro
700 3177 821 3257 depone
832 3177 880 3240 vix
887 3178 956 3259 juro
969 3177 1168 3241 substituunt.

124 3295 335 3359 l'ulolrorrima
359 3295 406 3354 est
428 3289 601 3371 conjectura
624 3283 752 3354 Graevii,
787 3287 850 3355 sed,
874 3303 967 3367 quum
991 3288 1083 3364 poeta
1104 3284 1168 3348 sub·

120 3400 233 3483 jungat
256 3401 362 3464 verba:
386 3396 558 3460 sodPoeon
582 3391 745 3456 contradit
767 3412 887 3464 arrum,
910 3391 1066 3455 ubiPaean
1091 3392 1170 3457 solus

127 3504 514 3579 iterunroonrmomoratur,
538 3517 691 3583 quumque
702 3499 735 3561 in
746 3498 971 3583 procationibus
994 3499 1032 3561 ad
1055 3505 1171 3562 certum

127 3611 216 3680 dsunt
251 3614 404 3678 oonrarsis
434 3611 530 3675 oratio
553 3612 590 3673 ad
612 3608 713 3689 plures
746 3625 806 3669 non
838 3624 906 3668 raro
938 3605 1071 3685 partinet
1105 3605 1170 3684 (afr.

125 3713 309 3803 Vi1·g.llen.
336 3720 393 3795 lX,
428 3721 491 3784 525
532 3717 609 3791 Vos,
645 3735 662 3777 o
697 3712 857 3792 Calliope,
884 3731 1003 3792 precor
1026 3714 1173 3792 aspirata

123 3829 267 3907 cuneati)
296 3825 450 3912 pulchrior
483 3827 676 3903 corioquam
706 3825 803 3883 varior
824 3820 1023 3882 existimanda
1046 3823 1110 3897 est,
1144 3824 1174 3883 ot

121 3940 300 4009 pronomen,
324 3934 403 4014 quod
425 3936 473 3995 ost
495 3935 540 4007 tn,
562 3931 594 3993 in
617 3929 713 3992 altaro
736 3928 870 3990 membro
893 3927 997 3989 crebro
1020 3946 1054 3990 ox
1076 3927 1172 3991 abun·

123 4030 211 4103 (lauti
233 4043 356 4106 additur
378 4040 431 4102 cfr.
454 4039 496 4121 V,
535 4041 573 4102 12
596 4036 709 4099 Primo
724 4035 792 4118 flpe
814 4033 896 4110 lom,
931 4054 1029 4114 qaum
1052 4038 1087 4097 ta
1111 4035 1173 4098 dis-
