2566 4404
81 241 86 250 ‚
111 179 153 245 34
391 177 433 230 De
452 176 587 231 liberiore
607 176 752 231 verborum
773 177 880 244 positu.

118 381 275 463 periodum
298 380 419 446 claudit.
449 382 485 447 ln
507 379 597 446 verbo
619 387 818 463 aspernatur
833 384 978 447 mendum
1002 384 1092 448 latere
1110 384 1145 448 vi·

115 489 212 563 detur,
248 490 280 552 et
306 489 371 552 fieri
398 490 507 570 potest,
530 492 565 554 ut
585 490 743 556 luvenalis
776 494 976 572 aspernatus
1012 489 1147 574 scripserit

113 596 168 660 cfr.
191 617 219 661 v.
234 599 295 662 112
318 595 449 661 Fuscus
470 616 652 662 raarruorea
673 598 849 664 meditatus
863 598 1000 680 proelia
1021 599 1148 678 niliaci

113 703 198 768 locus
221 703 264 768 sic
286 705 460 770 scribendus
482 706 537 770 sit:

176 856 259 922 Ecce
280 859 395 921 iterum
421 855 595 940 Crispinus
617 861 647 923 et
669 862 716 922 est
736 857 817 922 ruiti
838 877 925 939 sape
946 860 1113 925 necandus

176 962 232 1027 Ad
246 968 383 1045 partes:
404 970 584 1030 ruoustruua
605 965 700 1030 uallo
722 967 844 1031 uirtute
867 966 1070 1050 redemptura

182 1073 223 1136 Α·
237 1074 337 1150 cittis,
360 1092 444 1155 ceper
464 1074 596 1158 solaque
617 1073 752 1139 libidine
765 1072 869 1157 fortis

177 1179 326 1246 Delicias
349 1180 455 1245 claua
477 1186 607 1246 tanturn
629 1185 827 1263 aspernatus
849 1180 993 1246 adulter.

114 1351 151 1414 ln
174 1353 230 1415 111.
254 1352 359 1432 primae
382 1372 408 1416 v.
432 1357 451 1418 6
474 1355 583 1418 01111.
607 1353 651 1416 VI
667 1355 766 1418 1541
793 1351 933 1434 periodus
957 1351 1055 1415 simili
1076 1349 1153 1414 modo

112 1458 191 1523 exit:
215 1462 387 1549 corruptus
402 1457 516 1534 Osiris,
531 1461 653 1547 finitus
667 1458 804 1540 Orestes,
827 1458 880 1523 cfr.
894 1457 935 1533 Π,
954 1461 995 1524 29
1013 1457 1156 1539 pollutus

111 1564 249 1644 adulter,
261 1567 553 1647 intepretaretur
564 1567 701 1642 adulter,
717 1572 749 1632 et
761 1566 954 1649 participium
965 1569 1158 1647 aspernatus

111 1674 270 1756 participio
299 1693 466 1757 praegresso
488 1674 684 1757 redemptura
709 1676 778 1756 apte
801 1675 971 1756 respondet.
1018 1672 1157 1738 11100111-

112 1780 196 1845 cibus
219 1787 322 1846 1011
345 1781 448 1846 crebro
469 1787 688 1864 permutantur,
716 1784 747 1846 et
768 1781 800 1845 in
822 1783 877 1845 sat.
891 1780 955 1844 VII
978 1801 1005 1845 v.
1027 1783 1157 1852 88-89,

112 1889 164 1953 ubi
186 1889 304 1954 oodio'es
326 1890 433 1971 optimi
454 1889 580 1954 habent:
1130 1874 1134 1886 ’

121 2140 124 2146 Ι
216 2039 304 2106 'llle
327 2048 356 2108 et
377 2042 504 2108 militiae
525 2042 637 2106 multis
659 2043 802 2123 larpltur
823 2040 976 2104 bonorem
1109 2122 1113 2129 Ι

65 2157 69 2164 ’
241 2150 419 2216 Serneustri
440 2150 562 2234 dipltos
583 2154 694 2214 uatuua
716 2148 920 2231 circumlipat
942 2168 1026 2212 auro

112 2321 242 2387 Jahnius
273 2322 317 2386 sio
345 2339 398 2403 pro
433 2319 577 2403 larpltur
598 2320 693 2384 edidit
725 2319 874 2401 larpr'tus.
919 2320 964 2382 lla
997 2319 1081 2382 enim
1117 2322 1163 2383 est

112 2430 205 2494 huius
227 2430 286 2494 loci
308 2429 396 2506 ratio,
429 2432 464 2492 ut
498 2428 541 2493 sic
575 2427 767 2493 scribendum
800 2445 864 2491 esse
898 2427 1029 2506 credam,
1067 2435 1099 2492 01
1130 2427 1161 2490 hi

117 2556 222 2602 versus
245 2537 375 2601 notabile
398 2537 555 2600 rhetoricae
589 2537 732 2601 orationis
755 2533 985 2612 distributionis
1009 2535 1049 2598 ad
1072 2553 1160 2616 quam

113 2644 204 2708 metri
227 2644 374 2708 rationem
398 2661 546 2724 exponens
568 2645 694 2718 attendi,
718 2641 889 2723 exemplum
909 2640 1055 2722 praebent.
1104 2644 1161 2706 Po-

114 2751 192 2816 situs
216 2751 295 2814 enim
319 2768 436 2829 vocum,
459 2770 526 2832 quse
550 2753 622 2818 sunt
643 2749 756 2814 rnultu's
780 2753 950 2826 atratum,
973 2768 1040 2830 quae
1054 2750 1160 2814 eodem

114 2877 223 2923 versus
245 2857 310 2922 1000
342 2863 412 2940 post
440 2857 610 2940 graviorem
642 2877 786 2922 caesuram
820 2857 863 2920 ita
897 2838 1107 2937 collocantur(
1127 2858 1162 2920 ut

115 2965 240 3031 verbum
261 2965 300 3030 iis
323 2964 532 3051 subjungetur,
566 2965 680 3026 certam
714 2962 794 3026 inter
821 2982 871 3027 eas
902 2963 1091 3029 intercedere
1113 2983 1161 3028 11-

112 3074 227 3138 tionem
250 3074 324 3138 satis
346 3072 508 3137 manifesto
541 3067 655 3153 prodit:
689 3069 794 3134 multis
826 3071 971 3135 honorem
998 3091 1070 3135 eum
1102 3073 1162 3136 lar-

111 3181 195 3264 gitus
218 3181 337 3245 vatibus
360 3199 478 3263 quoque
501 3185 570 3243 eum
592 3178 684 3260 largit
748 3187 817 3250 (non
851 3177 888 3241 ob
920 3177 1065 3243 honorem
1100 3179 1161 3243 vati

112 3308 219 3371 aurum
241 3290 407 3353 semenstre
430 3289 490 3365 dat,
514 3289 565 3351 sed
588 3286 659 3366 quia
679 3263 848 3368 promiscue
869 3285 901 3348 id
922 3286 992 3349 dare
1015 3285 1117 3363 10101).

196 3397 378 3478 Pnusquam
411 3414 429 3459 a
462 3396 562 3476 positu
595 3393 849 3458 substantivorum
882 3396 913 3458 et
939 3393 1160 3476 adjectivorum

116 3503 334 3568 adhaerentium
357 3502 389 3566 in
412 3503 515 3566 eadem
540 3502 749 3566 enunciatione
771 3502 999 3567 distributorum
1024 3500 1160 3583 digredi·

44 3629 47 3635 ·
114 3630 192 3687 mur,
216 3630 286 3675 eum
308 3610 489 3675 cum'metri
512 3611 626 3674 ratione
650 3609 729 3690 apud
750 3609 929 3674 Juvenalem
953 3611 1035 3672 11010
1058 3609 1160 3673 coha-

115 3738 182 3784 1010
204 3718 495 3801 praetermittendum
525 3736 583 3781 non
611 3717 726 3799 putavi.
770 3716 963 3800 Adjeotivum
985 3716 1160 3799 (genetivus

118 3827 243 3910 adjungi
264 3829 375 3908 potest)
398 3828 531 3889 extremo
552 3843 657 3890 versus
687 3825 752 3889 loco
774 3824 907 3907 positum
929 3841 948 3887 a
969 3823 1162 3890 substantivo

116 3935 148 3998 in
172 3935 276 3998 eodem
298 3932 489 3997 hemistichio
511 3935 580 4014 post
600 3932 769 4016 graviorem
788 3950 934 3996 caesuram
956 3931 1060 3996 eodem
1086 3951 1160 3997 0111

10 4095 14 4102 .
114 4041 212 4125 posito
235 4041 318 4106 nullo
341 4041 430 4105 modo
457 4041 560 4106 divelli
587 4058 684 4123 posse,
718 4039 890 4122 Madvigius
912 4044 1026 4122 (opusc.
1052 4041 1162 4120 Acad.)
