2566 4404
578 200 721 254 Praefatio.
1157 207 1177 272 3

127 405 278 488 eligendis
300 406 386 470 etin
408 405 620 469 distributione
643 409 734 488 atque
757 407 936 472 tractatione
952 407 1117 471 electarum
1128 426 1178 472 me

126 543 259 588 errorem
284 524 495 608 subterfugere
518 525 663 608 potuisse,
683 526 761 606 quod
784 528 845 608 iam
868 528 938 605 diri,
961 545 1021 591 non
1044 528 1177 609 speravi;

119 639 155 707 'si
172 643 273 724 plures
294 643 377 708 locos
399 645 599 726 assumpsisse
622 663 714 727 quam
734 644 817 727 digni
840 648 951 720 essent,
974 646 1025 728 qui
1043 665 1176 711 comme·

123 767 325 838 morarentur,
361 765 392 827 et
424 763 455 828 in
489 765 528 827 iis
561 764 735 828 enarrandis
763 764 889 846 longior,
920 783 1009 846 quam
1032 765 1077 829 rei
1099 766 1176 830 ratio

122 885 271 964 posceret,
305 882 400 946 fuisse
423 882 595 959 accusabor,
618 882 664 946 sic
685 902 734 947 me
756 882 926 960 defendam,
960 886 997 948 ut
1018 903 1069 949 eos
1092 904 1175 949 conr-

122 1002 345 1066 memoratione
369 1001 476 1083 dignos
500 1019 548 1064 me
570 1001 712 1066 habuisse
735 1002 887 1078 confitear,
922 1003 1031 1085 quibus
1053 1003 1174 1086 aliquod

122 1120 244 1185 dicendi
277 1141 383 1204 genus,
418 1121 495 1203 quod
530 1120 563 1184 in
590 1122 772 1204 praecedenti
800 1126 898 1204 poeta
927 1121 1070 1204 loquendi
1102 1142 1176 1187 usus

121 1239 310 1322 expositione
346 1244 512 1304 tractatum
545 1245 634 1314 esset,
676 1243 708 1304 et
740 1240 820 1305 male
853 1242 1042 1306 intellectum
1076 1261 1175 1324 prava

122 1359 387 1442 interpretationis
411 1377 550 1423 caussam
573 1359 749 1440 contineret,
773 1362 813 1437 et,
837 1361 862 1423 si
886 1361 976 1424 verba
992 1365 1176 1425 erveterum

122 1480 182 1542 usu
208 1474 358 1560 sensuque
382 1479 616 1554 aestimarentur,
651 1481 765 1542 rectam
791 1480 948 1543 enarrandi
970 1480 1049 1544 viam
1073 1485 1176 1545 osten·

65 1672 69 1676 .
120 1598 221 1674 deret,
244 1616 352 1679 meque
375 1597 405 1660 in
428 1597 467 1661 iis
493 1597 686 1678 expediendis
708 1615 827 1679 operam
845 1599 972 1675 dedisse,
994 1602 1030 1663 ut
1051 1617 1172 1663 sensum

118 1719 225 1782 minus
247 1721 386 1781 accurata
409 1716 566 1780 verborum
590 1717 840 1798 interpretatione
862 1717 1055 1782 obscuratum
1075 1721 1172 1800 poeta

118 1837 264 1920 loquendi
288 1856 346 1900 usu
368 1839 527 1918 perspecto
549 1839 640 1918 atque
663 1853 808 1901 vanarum
827 1837 974 1912 derebus,
998 1855 1065 1919 quae
1078 1836 1174 1920 signi-

117 1956 219 2020 ficatae
241 1957 429 2038 putarentur,
452 1954 656 2034 suspicionum
681 1955 861 2038 ambagibus
892 1955 1016 2020 remotis
1040 1975 1075 2020 en
1098 1956 1173 2037 ipsis

117 2075 222 2140 verbis
250 2075 427 2158 plerumque
454 2073 571 2137 elucere
604 2077 778 2156 appareret3
812 2074 922 2156 quibus
954 2074 1028 2138 locis
1061 2093 1173 2157 paucos

83 2214 88 2219 ·
118 2195 254 2277 adjunxi,
289 2193 346 2276 qui
375 2193 406 2256 in
436 2193 609 2274 disputandi
636 2196 727 2275 atque
751 2194 859 2258 erroris
881 2194 1040 2277 detegendi
1063 2198 1094 2257 et
1116 2195 1173 2258 tol-

62 2387 67 2396 ‚
116 2314 203 2379 lendi
225 2331 334 2394 genere
359 2312 588 2376 similitudinem
613 2312 745 2394 aliquam
769 2313 925 2377 haberent.
970 2312 1058 2392 Quod
1081 2332 1170 2395 supe·

116 2433 234 2497 riorum
266 2433 463 2513 interpretum
497 2449 652 2512 perversas
687 2432 847 2497 eorundem
882 2433 1018 2496 locorum
1048 2450 1169 2496 enarra-

115 2551 218 2617 tiones
239 2550 328 2616 attuli
352 2528 384 2614 et
404 2551 435 2614 ir
459 2551 497 2613 iis
520 2548 693 2615 refellendis
715 2539 839 2634 aliquid
853 2569 950 2634 operae
972 2552 1068 2634 posui,
1095 2551 1165 2615 inde

114 2672 235 2736 factum
270 2674 326 2748 est,
360 2671 441 2752 quod
469 2673 501 2733 et
523 2688 638 2734 errores
660 2674 692 2733 et
713 2671 861 2752 originem
884 2689 1018 2734 errorum
1040 2671 1165 2734 demon-

114 2792 240 2856 stranda
261 2810 326 2855 esse
349 2790 464 2873 putavi.
524 2788 603 2869 Quia
636 2790 740 2854 autem
768 2790 857 2854 modo
885 2788 1049 2854 editionum
1073 2794 1163 2870 atque

113 2911 315 2992 scriptionum
350 2928 466 2988 earum,
500 2928 575 2990 quas
604 2909 754 2985 annotavi,
784 2909 870 2993 copia
900 2908 974 2973 mibi
997 2907 1063 2981 fuit,
1100 2907 1164 2972 lieri

112 3032 226 3114 potest,
248 3031 284 3093 ut
304 3029 336 3093 in
360 3027 673 3120 enarrationemnloci,
696 3047 765 3110 quae
785 3028 822 3091 ab
845 3028 904 3093 alio
922 3029 988 3112 jam
1010 3026 1164 3110 proposita

112 3149 166 3225 sit,
188 3148 301 3214 invitus
322 3149 494 3230 inciderim,
510 3148 589 3230 quod
612 3147 639 3212 si
661 3147 813 3227 acciderit,
837 3147 957 3212 laudern
973 3146 1088 3211 auctori
1102 3165 1161 3210 non

111 3268 302 3334 subtraham.
952 3272 959 3283 “
1140 3257 1141 3260 “

184 3454 272 3509 Scrib.
289 3454 370 3522 Ripis
390 3454 449 3508 Cal.
470 3453 527 3507 Jul.
546 3468 563 3506 a
580 3451 832 3506 MDCCCLXXIV.
