2566 4404
396 206 437 259 De
456 205 591 259 liberiore
610 205 757 259 verborum
775 205 880 272 positu.
1098 179 1151 268 ’41

112 408 204 475 dedu
231 410 297 475 trec
316 411 491 493 posuitque
518 407 647 472 modum
669 409 892 489 (Heinrielrius,
915 408 1057 484 debrius,
1079 406 1159 471 Her·

112 538 247 584 mannus
278 518 376 600 priore
407 517 474 582 loro
507 519 578 581 ante
610 535 695 610 uuor
724 517 892 581 incidentes
926 517 983 580 hoo
1018 517 1160 579 substan·

116 629 218 692 tivum
240 624 399 690 sententiae
421 625 572 707 primariae
594 625 772 708 adjimumt,
794 625 889 688 altero
917 625 1009 687 iidem
1031 622 1159 686 modum

119 734 312 800 asententia
334 732 461 796 relativa
483 750 542 796 non
564 732 737 810 divellunt);
770 733 800 795 in
834 736 891 796 sat.
915 731 963 795 ΙΙΙ
985 751 1012 795 v.
1035 733 1077 797 90
1098 729 1163 794 Mu

115 845 216 906 ratur
236 860 342 905 uocem
364 842 548 921 uupustou‚
572 859 636 922 qua
658 839 797 906 deterius
818 838 952 904 ueoIlle
973 842 1080 914 nouat,
1102 857 1162 921 quo

116 949 285 1014 mordetur
310 946 441 1030 pulliuu
462 948 580 1010 memte
605 966 710 1013 omnes
732 949 851 1013 codices
873 948 1066 1012 consentiunt
1088 947 1165 1027 (Ru-

116 1058 236 1142 pertius
258 1058 312 1120 aut
352 1075 415 1139 quo
437 1055 578 1119 deterius
599 1075 656 1119 uec
677 1054 749 1118 Illu
769 1059 874 1134 nouat,
909 1074 979 1138 oure
1000 1054 1165 1119 mordetur

117 1164 251 1249 pulliuo
282 1164 400 1227 morito
433 1167 487 1226 aut
508 1162 574 1227 Ille
604 1167 709 1239 souut,
744 1164 798 1226 eui
815 1162 995 1227 'mordetur
1026 1161 1165 1244 polliae,

118 1274 263 1337 maritus
284 1275 338 1336 aut
358 1270 424 1335 Ille
445 1275 550 1346 scunt,
574 1272 627 1334 cui
644 1270 809 1335 mordetur
828 1270 958 1353 pulliuu
979 1271 1098 1334 morito
1121 1270 1165 1333 le-

119 1381 254 1464 gendum
284 1398 350 1458 osse
383 1381 495 1459 conset,
529 1398 595 1460 quae
629 1380 738 1443 ultima
764 1379 854 1443 lectio
884 1379 920 1442 ob
956 1379 1072 1443 Horatii
1094 1376 1167 1454 Illi,

120 1488 249 1567 recepte
282 1487 398 1569 quitus
430 1485 592 1551 comoedia
618 1488 736 1567 prisce
767 1487 850 1550 uiris
882 1485 1060 1550 Heinrichio
1093 1486 1168 1549 mire

122 1595 248 1678 placet),
278 1595 330 1659 sed
356 1595 386 1657 in
411 1596 468 1658 sat.
490 1595 535 1658 XI
556 1615 583 1662 v.
606 1598 661 1661 85:
694 1594 871 1658 Accedcute
892 1613 985 1669 uoco,
1019 1595 1169 1675 sinuum

122 1701 227 1766 debut
248 1700 364 1778 hostie,
387 1721 485 1765 carue
499 1706 530 1765 et
552 1702 583 1765 in
605 1703 742 1775 sath.
755 1705 831 1766 254:
859 1701 985 1782 Quaerit
1007 1701 1047 1764 ot
1071 1701 1168 1775 omui,

108 1809 288 1891 Quaqua
310 1808 402 1873 adest
423 1811 531 1873 socius
553 1810 670 1874 codices
696 1810 874 1890 scripturam
901 1810 1032 1873 valiant:
1062 1827 1170 1884 carue,

123 1917 234 1994 soum
267 1936 404 1995 caruem,
437 1919 554 1981 socius.
599 1918 697 1982 Codex
719 1918 905 1981 Pithoeanus
939 1917 1032 1980 hebet
1064 1935 1171 1996 carue,

123 2026 255 2104 socius;
279 2025 375 2088 maior
395 2025 539 2088 bonorum
563 2025 700 2088 codicum
722 2044 791 2106 pars
807 2045 944 2098 caruem,
963 2025 1080 2087 socius.
1114 2022 1172 2088 Co-

125 2133 190 2196 dici
224 2132 387 2196 Pithoeano
420 2132 684 2213 obtemperandum
719 2151 785 2196 esse
818 2133 949 2204 videtur,
995 2134 1059 2195 haec
1092 2131 1173 2195 euim

129 2240 269 2322 exempla
290 2240 380 2303 unius
403 2222 522 2322 generis
545 2258 603 2304 non
625 2243 705 2304 sunt.
749 2240 907 2305 luvenalis
929 2240 1082 2303 notionem
1104 2239 1175 2302 sub·

128 2347 257 2412 stantivi
279 2348 370 2412 etiarn
393 2347 542 2429 adjectivo
564 2347 613 2410 vol
634 2347 794 2429 participio
821 2347 920 2428 posito
941 2365 994 2428 per
1015 2346 1173 2410 relativam

131 2455 183 2519 vel
206 2454 296 2518 aliem
318 2453 617 2518 circumlocutionem
638 2455 683 2518 ita
705 2454 871 2536 exprimere
887 2456 980 2522 amat.
1003 2461 1038 2518 ut
1054 2456 1174 2518 senten·

129 2564 208 2626 dam
232 2562 384 2644 adjungat,
408 2581 475 2643 quae
499 2581 565 2625 eam
580 2562 761 2627 substantivi
773 2563 938 2642 notionem7
962 2582 1027 2644 quae
1039 2561 1177 2624 addenda

130 2671 191 2742 est,
225 2688 281 2733 non
315 2669 411 2733 solum
446 2670 607 2744 contineat,
641 2671 693 2733 sed
724 2671 835 2735 certius
867 2670 957 2734 etiam
981 2669 1107 2733 definiat
1128 2667 1178 2732 vel

131 2776 185 2840 eui
206 2775 409 2840 condicionem
431 2780 586 2840 annectat:
609 2778 644 2844 X.
660 2781 722 2844 210
744 2778 833 2840 Nou
860 2796 930 2860 pute
953 2779 1106 2840 cuutuute
1127 2794 1178 2838 uo-

132 2883 256 2964 ruptus,
289 2884 342 2948 Sit
371 2884 444 2948 lieet
465 2885 604 2949 eximius
627 2884 831 2949 citharoedus
852 2886 934 2948 siloc
957 2883 1111 2949 Seleucus
1134 2881 1180 2944 Et

131 2991 252 3076 quibus
284 2996 406 3057 eurota
433 3001 501 3056 uos
533 2997 581 3056 est
605 2991 737 3074 sulpere
766 2993 900 3058 lucerua
922 3001 993 3074 (quo
1015 2992 1080 3073 loeo
1103 2991 1180 3055 Jah-

133 3100 217 3180 niua
241 3119 330 3180 quem
341 3100 533 3164 Hermannus
545 3101 688 3182 sequitur,
712 3120 746 3164 ex
769 3102 898 3182 quinque
920 3098 1080 3174 codicibus,
1103 3098 1181 3162 inter

135 3225 213 3288 quos
235 3208 325 3271 codex
340 3209 525 3273 Pithoeanus
548 3213 603 3286 est,
625 3228 679 3292 pro
694 3209 899 3273 citharoedus
919 3209 952 3272 in
973 3209 1059 3271 textu
1080 3205 1182 3287 posuit

135 3313 330 3387 uruouoedo,
354 3317 434 3398 quod
456 3317 528 3380 leni
549 3336 607 3382 non
630 3320 738 3399 potest.
763 3336 832 3380 narn
855 3316 898 3380 sio
919 3332 1006 3381 voees
1028 3315 1110 3377 sitae
1128 3312 1182 3378 Se-

136 3422 250 3500 leucus
271 3424 370 3488 verbis
393 3424 446 3488 Sit
468 3423 540 3489 licet
561 3426 698 3490 euiutus
719 3426 799 3489 male
827 3424 1042 3506 adjunguntur,
1077 3440 1181 3502 neque,

135 3533 166 3596 si
188 3549 241 3612 pro
258 3532 338 3596 sitne
349 3533 544 3598 substituitur
555 3535 630 3610 siue,
654 3552 720 3614 quae
743 3532 891 3614 particula
911 3530 942 3593 in
966 3529 1021 3592 tali
1039 3530 1183 3612 junctura

135 3640 219 3722 apud
241 3639 422 3704 Juvenalem
445 3659 501 3704 uon
524 3642 685 3717 invenitur,
707 3640 791 3704 loeus
803 3640 988 3712 emendatur,
1011 3637 1071 3701 nisi
1084 3656 1183 3700 emen-

136 3748 222 3825 datio
244 3748 282 3810 ud
305 3747 457 3812 Seleucus
478 3768 595 3831 quoque
615 3749 785 3812 extenditur
807 3751 838 3810 et
862 3745 992 3809 Seleuco
1016 3744 1181 3823 scribitur),

136 3872 199 3938 quo
231 3875 327 3938 genus
357 3858 507 3938 quoddam
540 3856 728 3922 attractionis
761 3855 863 3931 oritur,
897 3859 928 3917 et
961 3855 1005 3916 sio
1040 3851 1203 3937 posterior¹

135 3966 226 4030 locus
248 3964 439 4047 accipiendus
463 3969 524 4031 est:
546 3966 577 4028 in
602 3965 698 4046 priore
721 3962 855 4044 exemplo
878 3961 1074 4043 adjectivum,
1108 3956 1187 4037 quod
1223 3997 1225 4002 -
1252 3945 1254 3948 ’

135 4079 190 4139 est
210 4093 304 4148 acuo,
338 4073 485 4154 singulari
518 4073 546 4136 xi
580 4072 613 4134 in
647 4090 759 4135 caesura
793 4070 937 4150 positum,
971 4066 1022 4129 ubi
1047 4081 1134 4128 voces
1156 4063 1187 4125 si
