2566 4404
449 211 492 264 De
512 211 617 280 ellipsi.
996 214 1057 278 119

123 433 274 495 »euperem
296 414 456 490 clientem,
490 418 541 493 qui
571 412 609 475 ad
630 432 756 478 coenam
776 414 925 479 invitatus
947 433 1057 496 panem

123 541 161 585 am
185 504 362 586 et'dcminu
384 521 551 603 sepositum
574 537 680 600 capere
702 538 795 585 ausus
818 523 891 597 erat,
914 541 983 585 eum
1006 541 1057 604 pc

123 629 210 711 aegit,
233 629 266 693 hi
289 648 394 693 versus
417 647 436 692 a
456 648 484 692 v.
509 631 550 694 76
571 626 733 706 leguntur:

123 783 180 845 icet
202 782 260 846 lca
273 781 401 864 faarai,
418 782 557 859 propter
580 778 668 858 qaod
687 798 772 860 sapa
793 779 910 844 relicta

122 889 199 970 iape
213 911 278 971 per
299 893 438 952 meatem
460 887 633 950 adversam
653 885 844 968 pelidasqac
866 889 997 952 cacurri

122 996 230 1076 uillas,
244 996 401 1079 fremeret
422 1014 509 1058 sceva
533 1014 632 1074 qaam
652 993 958 1075 praedicaveram

122 1105 211 1184 pilea,
236 1080 388 1169 et'malta
411 1101 555 1166 stillaret
570 1100 711 1181 paeaala
732 1102 849 1166 nimbo.
962 1182 965 1189 Ι

198 1255 203 1263 ι

122 1294 136 1335 n
159 1274 255 1336 satira
276 1272 409 1354 septima
429 1271 552 1353 legitur,
578 1288 638 1351 quc
659 1270 725 1334 loco
740 1275 810 1352 post
832 1288 1055 1335 commemora-

143 1379 301 1461 discipnli,
326 1397 375 1468 ne
399 1377 515 1441 rhetori
538 1377 721 1459 stipendium
746 1377 861 1457 sulvat,
884 1379 1054 1442 recusantis

121 1491 160 1553 58
183 1488 249 1550 haec
272 1486 387 1567 scripta
409 1486 498 1548 sunt:

676 1634 784 1717 Culpa
809 1636 959 1702 doceatis

120 1745 177 1808 icet
201 1745 366 1825 arquitur,
391 1726 479 1825 quael
500 1742 699 1823 laevaparte
719 1743 874 1807 mamilla

128 1850 208 1914 salit
229 1851 391 1915 Arcadica
408 1851 534 1932 jaaeai,
557 1851 651 1914 cuias
674 1849 755 1914 milti
777 1855 871 1916 scala

120 1978 183 2038 pac
204 1959 256 2022 alle
277 1959 432 2022 miseram
455 1957 549 2021 diras
572 1960 672 2038 caput
692 1957 868 2022 Hannibal
890 1958 1011 2038 implet.

119 2146 139 2190 n
161 2127 261 2193 lecum
274 2127 448 2209 Rupertius,
465 2147 529 2192 rem
542 2127 707 2210 dijudicare
719 2144 779 2191 nen
791 2146 892 2202 ausus,
905 2127 950 2191 sic
965 2146 1053 2190 enar·

119 2234 208 2298 verba
231 2253 285 2298 seu
307 2234 440 2316 cogitata
463 2234 585 2298 clientis
607 2234 795 2316 indignantis
818 2235 849 2297 et
868 2251 1056 2314 conqueren-

118 2359 196 2422 ·pr0
220 2342 266 2404 tot
282 2341 406 2410 officiis,
431 2361 498 2423 quae
523 2343 647 2423 patrone
670 2341 822 2423 praestitit,
846 2343 908 2404 tam
931 2339 1056 2422 indigne

118 2448 163 2528 i‹<;
196 2447 392 2512 Heinrichius
420 2449 545 2512 tacitam
568 2449 723 2530 querelam
745 2447 898 2513 sententia
920 2448 1056 2529 ineptam

118 2554 216 2631 licem,
246 2575 299 2636 pre
323 2556 469 2631 cacurri,
507 2573 598 2635 quam
633 2556 762 2618 formam
796 2573 901 2618 omnes
936 2555 1054 2619 cedices

120 2666 207 2742 cepto
231 2663 358 2739 habent,
393 2663 539 2740 aaaarrll
566 2661 731 2742 legendum
765 2679 831 2725 esse
855 2664 974 2734 censet;
1014 2662 1051 2725 de

119 2769 200 2848 laec,
231 2788 322 2850 quem
345 2771 511 2851 Rupertius
533 2787 714 2850 responsum
745 2767 874 2832 rhetoris
897 2768 1052 2833 continere
1171 2797 1187 2804 “

142 2875 222 2939 silet.
281 2877 317 2939 In
340 2879 468 2957 utruque
497 2876 564 2940 loco
592 2876 773 2956 interpretes
796 2875 827 2938 in
850 2893 981 2938 errorem
1004 2875 1054 2938 in-

116 3003 121 3044 a
160 2982 281 3046 videtur
319 3002 393 3047 usus
433 2983 590 3064 particulae
627 2981 766 3058 scillaei,
812 3001 871 3064 qua
904 2981 1054 3062 particula

116 3088 205 3153 disin
228 3090 416 3153 concedendo
444 3090 492 3153 vel
511 3090 541 3152 in
557 3088 773 3171 perspicuitate
796 3088 839 3152 rei
855 3087 1054 3170 significanda

116 3196 187 3270 itur,
225 3198 278 3260 sed
300 3197 389 3260 made
420 3196 471 3260 ubi
494 3195 606 3260 salsam
630 3197 673 3259 rei
696 3214 845 3277 perversae
868 3200 957 3278 atque
982 3196 1054 3259 uiti-

115 3302 254 3366 risicnem
279 3321 419 3384 premens
448 3305 502 3367 aut
523 3302 678 3366 hominem
701 3302 845 3366 vitiosum
874 3302 923 3366 vel
945 3301 1052 3366 adver·

137 3410 245 3473 fictum
268 3412 321 3473 aut
343 3409 419 3475 vitia
441 3409 488 3473 sui
510 3409 655 3490 temperis
679 3410 815 3491 exagitat
837 3409 891 3472 cir.
914 3408 954 3486 II,
982 3411 1052 3487 122,

114 3519 148 3596 dl,
172 3521 246 3598 541,
270 3519 341 3591 635,
363 3517 445 3588 XIV,
473 3520 542 3582 156.
599 3515 771 3597 Aptissima
795 3522 842 3580 est
863 3516 959 3597 igitur
980 3534 1052 3597 pare

114 3623 262 3697 hisloae,
287 3623 339 3686 ubi
361 3626 450 3704 poeta
465 3622 595 3686 alicuius
607 3623 829 3704 impudentiam
851 3622 944 3686 bilem
956 3624 1050 3704 atque

132 3731 359 3812 deprecationes
383 3730 534 3804 heminis,
556 3729 608 3811 qui
630 3729 743 3811 injuria
765 3730 906 3805 afficitur,
930 3748 1053 3793 meven-

113 3838 194 3920 mgit‚
218 3841 249 3901 et
271 3838 302 3901 in
324 3837 391 3918 ipsa
408 3837 567 3918 particulae
586 3836 807 3918 significatione
831 3855 938 3900 caussa
960 3837 1051 3911 inest,

113 3944 269 4008 maerentia
291 3944 436 4008 cretionis
458 3963 512 4025 per·
531 3962 563 4008 se
576 3944 744 4027 perspicua
766 3944 916 4009 transitus
937 3944 979 4006 ad
998 3961 1051 4006 ee·

109 4071 164 4113 nes
197 4052 325 4116 alterius
350 4052 555 4135 exponendas
577 4053 667 4123 nuile
691 4053 756 4120 aire
776 4053 874 4118 mede
898 4038 1085 4114 ueneram.
