2566 4404
156 1317 206 1398 lto
232 1316 433 1398 mutatione
458 1317 608 1419 numeri,
635 1317 797 1418 subjecti,
823 1319 1007 1421 temporis,
1031 1319 1131 1401 modi.

202 1621 246 1733 Si
274 1688 379 1734 omnes
405 1671 503 1747 locos,
536 1672 646 1754 quinus
674 1672 838 1756 singularis
875 1677 907 1737 ct
936 1672 1066 1756 pluralis
1087 1671 1156 1736 rert'

117 1797 263 1843 numerus
285 1777 370 1842 nulla
392 1778 522 1863 subjecti
544 1780 656 1845 mutati
684 1779 906 1863 significatione
928 1779 1014 1844 fecta
1035 1799 1068 1845 se
1089 1778 1157 1844 emi·

114 1886 213 1968 piunt,
244 1886 277 1950 in
299 1904 394 1950 unum
416 1887 645 1963 contulerimus,
667 1886 776 1969 duplex
798 1886 876 1951 tutio
897 1887 966 1951 erit.
1012 1885 1159 1952 Juventlis

116 1994 199 2058 enim
245 2011 305 2058 uno
348 1994 424 2058 certi
466 1994 625 2058 erriusdum
668 1993 828 2059 hominum
869 1994 992 2076 generis
1033 1974 1161 2076 exemplo*

116 2099 243 2182 prolato,
266 2118 370 2165 omnes
392 2102 431 2164 ad
444 2100 526 2164 idem
548 2119 646 2183 genus
667 2101 860 2183 pertinentes
878 2101 923 2164 ita
940 2101 1158 2186 complectitur,

115 2209 151 2271 ut
173 2208 285 2271 vitium
307 2207 443 2271 omnium
465 2225 625 2272 commune
648 2208 696 2272 rel
714 2207 839 2290 aliquid,
862 2207 944 2288 quod
967 2208 1005 2270 de
1029 2207 1160 2272 omnibus

114 2314 176 2378 dici
200 2316 307 2400 possit,
330 2316 487 2398 adjunget,
510 2319 565 2379 eut
585 2317 651 2380 toto
673 2333 783 2397 genere
806 2317 1045 2378 commemorato
1067 2332 1159 2377 erem·

118 2421 202 2503 plum
238 2422 349 2497 sumit,
383 2422 461 2504 quod
494 2422 618 2486 uberius
653 2422 805 2504 depingat.
861 2419 926 2492 Sic,
961 2424 998 2483 ut
1031 2396 1161 2513 eremple

114 2530 263 2594 nonnulla
285 2529 417 2603 afi'erem,
440 2548 506 2612 quse
528 2548 594 2593 rem
616 2529 812 2594 manifestem
836 2527 964 2591 reddere
986 2527 1161 2610 possintiu

112 2639 170 2702 sat.
204 2637 255 2701 lII
276 2657 303 2700 v.
338 2639 398 2701 112
424 2640 532 2718 poeta,
564 2640 726 2717 postquem
758 2635 893 2698 amicum
927 2633 1044 2699 fulsum
1077 2638 1160 2716 atque

113 2743 321 2808 blandientem
353 2743 536 2824 introduxit,
567 2744 633 2806 haec
655 2743 741 2807 dicit:
784 2740 914 2804 Horum
936 2741 968 2805 si
990 2741 1078 2806 cohil
1109 2745 1159 2819 eol,

118 2851 231 2915 oolam
249 2851 423 2932 resupinat
444 2850 561 2913 amici:
596 2849 688 2913 Scire
709 2847 824 2913 volunt
845 2847 900 2928 (hi,
923 2847 1065 2913 homines
1088 2850 1160 2913 eius·

110 2960 213 3040 modi)
235 2961 359 3023 secreta
382 2956 495 3020 domos
519 2961 617 3037 atque
638 2955 715 3021 inde
736 2955 891 3034 timeri¹);
914 2953 946 3017 in
968 2954 1106 3019 eiusdem
1117 2972 1161 3018 sa·

138 3229 159 3292 ¹)
178 3229 268 3284 Totus
280 3231 371 3296 locus,
384 3231 430 3295 qui
440 3234 681 3292 commemoretur,
696 3225 798 3294 dignus
806 3230 860 3280 est.
880 3226 972 3279 Poeta
980 3226 1022 3279 sic
1033 3225 1162 3292 scripsit:

267 3383 392 3434 Proeterea
409 3391 516 3432 sanctum
533 3379 594 3431 nihil
611 3389 645 3429 eet
662 3397 703 3430 nec
720 3380 751 3429 ab
768 3378 860 3444 inpetus
877 3385 965 3431 tutum:

267 3468 322 3518 Non
340 3477 451 3517 matrona
469 3465 538 3526 laete,
556 3483 602 3514 non
612 3464 674 3528 filia
691 3465 757 3528 virqo
775 3479 846 3527 ncqtae
863 3458 916 3528 lpse

266 3551 373 3615 Sponsus
392 3552 449 3600 levis
467 3550 555 3614 adhoc,
575 3567 620 3599 non
635 3548 702 3610 filius
720 3557 775 3598 ante
788 3547 905 3612 pudicum

265 3634 358 3685 Horum
375 3636 398 3685 εἰ
414 3635 476 3686 silit
492 3644 534 3694 est,
553 3634 635 3684 aulam
653 3633 777 3696 resupinat
794 3631 878 3684 amici:

264 3717 333 3768 Scire
350 3719 429 3768 volone
446 3727 536 3768 secreta
554 3719 635 3768 domus
653 3727 724 3782 atque
741 3716 795 3766 inde
812 3714 898 3766 timeri.

178 3866 299 3920 Codices
309 3868 686 3937 aelamfereomneshabent3
699 3868 789 3921 codex
799 3865 1072 3931 Pithoeonusaviam,
1081 3880 1162 3931 quem

177 3950 346 4018 scripturam
365 3952 540 4006 Hermannus
564 3954 592 4005 in
617 3959 697 4006 textu
720 3951 826 4020 posuit.
864 3949 1047 4002 Cohaerentis
1067 3957 1162 4004 eutem
