2566 4404
139 216 199 280 102
459 215 501 266 De
521 214 669 282 particulis
689 214 868 281 copulativis.

135 415 263 500 phialae,
288 415 459 479 Heliadum
489 421 607 480 crustas
636 419 667 479 et
693 417 862 498 inaequales
892 418 1024 499 beryllos
1043 419 1072 480 la
1092 437 1113 481 e.
1131 436 1157 480 er

135 522 296 584 Heliadum
322 523 431 586 crustis
455 526 486 585 et
508 523 710 604 inaequalibus
739 524 865 606 beryllis
897 525 1044 599 effictas«
1080 524 1159 609 accipi

134 646 194 693 non
217 631 328 713 potest,
360 648 430 692 nam
453 630 478 692 si
502 635 591 713 poeta
614 630 658 694 sic
680 630 812 714 scripsit,
842 631 933 694 verba
956 634 1044 695 modo
1063 632 1105 696 ita
1122 650 1160 694 er·
1221 632 1226 675 ¹

135 737 244 821 plicari
268 740 403 816 possunt,
426 741 461 801 ut
483 756 518 799 ex
541 738 637 801 forma
673 737 755 818 »ipse
777 754 904 818 capaces
926 733 1089 802 Heliadum
1107 757 1162 801 cru·
1222 804 1226 819 .

135 847 197 907 stas
220 846 251 905 et
272 843 436 923 inaequales
459 843 591 925 beryllos
613 846 707 920 tenet,
731 844 819 908 Virro
841 848 929 908 tenet
941 844 1079 925 phialas«
1093 844 1163 908 cuius

132 950 274 1031 loquendi
308 950 412 1012 formae
447 968 500 1031 pro
533 950 666 1031 simplici
698 935 870 1032 copulatius
897 950 1048 1032 jungendi
1085 953 1165 1014 torna

133 1057 308 1121 substitutae
331 1056 469 1140 exempla
491 1057 605 1146 passim
631 1061 798 1129 occurrunt,
823 1075 890 1120 earn
913 1062 1012 1121 ortam
1037 1076 1102 1122 esse
1118 1062 1166 1120 sta

135 1168 266 1241 tnamus,
302 1165 378 1244 quod
408 1164 447 1227 ob
468 1163 651 1227 insolentem
671 1163 782 1249 prioris
805 1163 896 1226 verbi·
912 1165 1109 1232 omissionem
1127 1163 1168 1227 vir

132 1271 227 1336 statui
262 1273 374 1355 potest.
430 1271 632 1350 Quaerendum
665 1273 713 1332 est
745 1271 816 1332 ante
849 1269 969 1346 omnia,
993 1249 1169 1334 -utrnm‘er
1222 1250 1226 1263 ¹

132 1381 289 1459 poetarum
313 1377 453 1458 loquendi
487 1396 545 1439 usu
576 1376 657 1441 notio
690 1375 830 1458 adjectivi
862 1365 1046 1456 inequales
1068 1377 1171 1463 phiala

132 1503 170 1548 an
194 1485 317 1565 beryllis
340 1483 595 1547 accommodatior
617 1483 666 1558 sit,
690 1501 780 1563 quam
796 1483 995 1563 quaestionem
1014 1485 1173 1567 Rupertins

130 1591 174 1656 sio
196 1591 523 1674 dijudicareconatus:
557 1589 694 1674 ›phialae
727 1608 779 1652 cur
800 1589 967 1670 inaequales
990 1590 1111 1674 beryllo
1132 1592 1172 1655 di·

134 1701 247 1772 cantur,
281 1698 466 1780 intelligitur
498 1697 576 1760 forte
605 1715 639 1758 ex
669 1696 748 1759 Plin.
771 1696 866 1770 XXX,
891 1700 920 1773 7,
943 1701 979 1762 5:
1021 1699 1175 1762 Poliuntur

131 1804 239 1885 berylli
273 1805 371 1886 figura
403 1803 583 1884 sexangula,
617 1803 761 1883 quoniam
794 1803 970 1880 hebescunt,
1004 1806 1067 1868 nisi
1100 1805 1176 1868 color

131 1912 238 1974 surdus
261 1930 443 1996 repercussu
465 1909 646 1992 angulorum
668 1909 821 1972 excitetur.
857 1909 946 1972 aliter
982 1911 1066 1974 euim
1090 1911 1176 1996 politi

129 2036 188 2081 non
210 2017 322 2082 habent
344 2018 493 2098 fulgorem
511 2016 658 2092 eundem,
680 2015 740 2078 nisi
762 2019 888 2096 praestat
909 2018 1067 2080 sententia
1080 2019 1175 2082 Gran·

128 2124 196 2205 gaci,
220 2125 272 2206 qui
294 2123 411 2205 pocula,
434 2120 597 2204 inquibus
620 2121 727 2185 inserti
749 2121 859 2203 berylli
880 2122 1028 2203 inaequali
1051 2142 1176 2188 numero

127 2232 174 2293 vel
198 2229 299 2315 spatio
321 2232 367 2294 vel
392 2230 609 2313 magnitudine,
632 2233 686 2292 aut
708 2229 845 2304 aliorum,
869 2231 920 2308 qui
936 2247 1046 2293 aureos
1068 2232 1176 2294 calices

128 2338 252 2402 insertis
274 2337 390 2422 lapillis
413 2355 536 2421 asperos
560 2335 763 2417 intelligunt«
782 2335 862 2397 nihil
883 2335 1039 2418 dijudicat.
1086 2339 1175 2419 Apud

129 2445 305 2524 Horatium,
345 2464 414 2507 nam
448 2444 526 2524 apud
559 2442 741 2506 iuvenalem
780 2442 961 2524 adjectivum
997 2444 1175 2526 coaequata

126 2553 215 2615 modo
238 2552 296 2614 hoc
328 2550 393 2614 loco
427 2551 588 2626 invenitur,
624 2551 679 2612 hoc
711 2549 897 2630 adjectivum
919 2549 1053 2629 primum
1078 2553 1115 2614 de
1137 2553 1174 2614 iis

124 2658 257 2742 ponitur,
295 2677 361 2740 quae
396 2657 605 2738 magnitudine
638 2654 781 2736 inaequali
814 2660 888 2719 sunt·
917 2658 987 2732 (sat.
1010 2656 1035 2732 Ι,
1064 2661 1093 2736 6,
1116 2661 1171 2724 68:

125 2765 312 2845 Iccquoles
327 2765 435 2827 >siccat
457 2762 597 2845 culices),
621 2762 729 2825 deinde
741 2763 777 2824 de
792 2761 839 2837 lie,
863 2780 929 2842 quar
943 2768 1054 2848 suapte
1068 2770 1174 2828 natura

125 2871 281 2936 instabilia
304 2875 375 2935 sunt
398 2872 468 2952 (sat.
491 2870 532 2949 II,
557 2873 585 2946 7,
611 2871 664 2934 10:
706 2867 796 2931 Vc'cca't
825 2868 1011 2948 inaequalis,
1046 2871 1172 2935 clauum

124 2983 161 3042 et
182 2982 324 3042 maturet
346 2979 382 3042 c'a
405 2977 529 3054 boras),
553 2976 682 3057 denique
698 2976 735 3038 de
747 2974 792 3048 iis,
818 2994 885 3055 quae
896 2976 1012 3057 aliquid
1023 2978 1180 3060 inaequale,

122 3088 253 3150 reddunt
277 3086 348 3168 (Od.
373 3085 413 3157 lI,
436 3088 465 3161 9,
488 3087 508 3150 3
531 3082 717 3162 [coequales
733 3081 904 3161 procella
926 3084 1022 3165 Epist.
1050 3091 1075 3160 l,
1093 3090 1168 3162 1,9t

122 3191 462 3274 Iuceqcclc'stoaacr).
508 3191 623 3254 Phialae
645 3190 812 3272 inaequales
835 3194 907 3253 suut
928 3192 1025 3272 igitur
1048 3211 1083 3255 er
1107 3192 1169 3255 eius

117 3300 263 3380 loquendi
276 3319 343 3363 usu
365 3299 476 3380 phiala
497 3297 641 3380 inrequali
664 3315 819 3360 mensura:
859 3297 1028 3378 inaequales
1050 3300 1166 3381 berylli,

121 3406 146 3469 si
176 3425 245 3468 cum
280 3405 391 3488 phialae
426 3406 547 3469 notione
576 3408 759 3486 junguntur,
794 3405 912 3484 berylli,
947 3404 998 3484 qui
1033 3407 1167 3490 phialam

121 3511 301 3590 inaequalem
331 3513 468 3586 reddunt,
504 3531 570 3594 quae
604 3512 686 3574 notio
720 3511 790 3573 huic
823 3511 889 3575 loco
921 3512 1081 3592 aptissima
1116 3517 1166 3586 est,

118 3617 329 3682 etnotionem
353 3619 478 3683 effectus
502 3620 624 3682 adrem
649 3617 830 3681 efficientem
855 3618 900 3681 ita
931 3619 1101 3697 transferri,
1135 3621 1166 3683 ut

114 3725 313 3806 adjectivum,
337 3726 416 3806 quod
439 3727 583 3790 effectum
605 3725 727 3801 indicet,
751 3725 941 3789 substantivo
958 3725 1104 3792 efficienti
1119 3729 1165 3792 ad·

117 3833 274 3914 jungatur,
297 3833 379 3917 apud
390 3833 411 3897 J
414 3833 581 3900 uvcnalem.
606 3826 642 3895 ut
656 3833 738 3917 apud
752 3836 868 3896 ceteros
886 3835 1003 3915 poetas,
1026 3835 1164 3916 frequens

120 3941 177 4003 est.
224 3937 382 4023 Scriptura
404 3939 516 4003 codicis
542 3939 708 4018 Pithoeani,
732 3957 799 4019 quae
821 3959 874 4021 pro
891 3939 1031 4018 phiolas
1054 3942 1163 4006 substi-

104 4047 173 4112 tuit
172 4045 310 4129 percle.
335 4066 523 4133 quamquam
538 4045 643 4123 verba,
664 4064 732 4128 quae
745 4045 1010 4121 sentinaquctcs
1018 4048 1170 4123 beryllos,
