2566 4404
69 191 75 200 ⁶
189 213 252 278 222
475 208 518 260 De
537 206 701 259 notionibus
720 205 934 260 transferendis.

187 412 385 478 madmodum
407 429 477 491 pars
498 410 544 473 ita
564 427 618 491 pro
640 427 767 490 persona
787 409 926 490 ponitur,
959 409 1005 474 sic
1025 429 1086 473 nou
1109 408 1222 484 raroid,

187 499 267 602 quod
297 519 418 600 insigne
448 518 497 580 vel
525 514 681 602 proprium
709 516 843 580 hominis
865 517 994 581 alicuius
1016 519 1079 593 est,
1111 535 1161 607 pro
1181 517 1226 580 ho

126 630 131 638 '
186 629 269 693 mine
292 626 364 709 poni
386 625 474 700 solet,
497 626 533 688 ut
546 623 660 707 fasces
681 642 735 706 pro
757 625 890 704 consule,
914 624 1046 688 eltlora
1067 644 1122 707 pro
1144 623 1228 688 citha·

185 736 294 808 roedo,
328 732 436 817 officia
458 732 504 794 vel
528 729 680 812 sportula
711 749 766 812 pro
798 730 962 796 clientibus
971 736 983 803 ,’
1014 735 1165 796 aratrum
1186 751 1231 813 pro

185 848 312 918 aratore,
336 841 416 922 quod
426 840 463 903 ad
475 856 524 904 res
536 857 655 921 quoquc
669 839 701 900 et
712 837 850 902 notiones
869 838 1039 903 abstractas
1052 839 1231 904 extenditur:

186 950 303 1014 murtae
330 966 384 1031 pre
407 947 535 1011 viatoria
556 945 694 1028 ponitur,
721 964 869 1025 persona
890 965 948 1031 pro
970 947 1085 1024 mimo,
1117 965 1233 1028 syrma,

185 1056 337 1122 cothurni
369 1073 423 1137 pro
446 1052 602 1136 tragoedia
625 1051 717 1127 siml,
741 1071 809 1134 quae
832 1054 969 1118 notiones
991 1055 1231 1135 actionemque

184 1179 242 1243 que
271 1163 424 1240 peragunt
456 1163 488 1224 et
519 1159 693 1224 humaniter
723 1168 849 1242 agentes
870 1160 1074 1225 inducuntur:
1107 1150 1234 1245 vOfficia

176 1264 370 1348 praecedunt
402 1269 461 1348 (X,
493 1272 561 1346 45),
597 1265 755 1347 Sportula
777 1266 894 1330 laudat
921 1267 1108 1332 Faesidium
1141 1268 1237 1350 (XIII,

184 1377 256 1456 83).
292 1374 364 1438 Boa
386 1375 427 1439 ab
455 1376 587 1456 luprato
610 1375 686 1456 jara
711 1373 890 1457 fastiditus
923 1380 1038 1439 aratro
1062 1376 1120 1451 (X,
1153 1375 1235 1456 270),

183 1484 262 1546 unde
292 1484 496 1555 factumest,
530 1502 548 1545 u
587 1481 723 1545 notiones
750 1482 911 1546 abstractae
933 1502 987 1564 pro
1009 1484 1160 1547 concretis
1195 1484 1236 1546 ito

182 1589 338 1653 interdum
361 1591 561 1671 ponerentur,
589 1590 625 1652 ut
647 1590 730 1654 notio
752 1595 855 1652 tamen
877 1588 1014 1671 personae
1035 1591 1159 1672 agentis
1181 1610 1234 1654 non

181 1696 269 1778 plane
292 1697 502 1760 evanesceret:
530 1691 686 1777 Ooup‘upu'l
700 1698 836 1778 aaupaa's
847 1697 945 1778 (VIII,
969 1700 1054 1773 219).
1079 1696 1230 1761 Libidine

181 1802 325 1867 saltante
348 1803 419 1885 (VI,
450 1806 541 1880 318),
575 1802 699 1880 Vltluru
712 1803 806 1886 ferro
828 1808 1005 1885 praecatur
1029 1806 1127 1886 (XIV,
1155 1809 1234 1886 174),

187 1909 278 1974 Vltla
299 1910 418 1973 ultu'rua
441 1912 650 1974 aoutcmuuut
671 1915 701 1973 ot
723 1911 905 1975 remordeat
925 1912 978 1993 (ΙΙ,
1002 1915 1067 1990 34),
1091 1936 1160 1996 quar
1183 1937 1230 1981 ex·

181 2006 282 2098 ampla
304 2018 383 2099 apud
397 2018 578 2082 Juvenalem
596 2018 754 2096 crebriora,
777 2036 868 2099 quam
889 2021 979 2100 vulgo
1003 2024 1137 2101 putetur,
1163 2042 1226 2087 esse

180 2124 368 2188 crediderim.
414 2125 451 2186 In
474 2124 567 2187 satira
589 2125 681 2199 XIII,
715 2130 873 2207 postquam
896 2129 985 2208 poete
1007 2128 1150 2193 scelerati
1174 2132 1227 2194 ho-

179 2231 270 2294 minis
292 2232 328 2294 de
351 2233 476 2295 deorum
500 2250 596 2311 poena
619 2233 817 2312 cogitationes
842 2234 988 2314 exposuit,
1012 2234 1057 2297 sic
1080 2255 1098 2298 a
1122 2254 1149 2300 v.
1177 2241 1234 2304 106

179 2339 329 2420 scriptum
354 2341 417 2401 est:

222 2489 278 2553 su
301 2491 448 2554 culmum
471 2491 552 2554 (llru
574 2491 736 2572 treplcluru
749 2491 932 2574 formldlue
953 2492 1057 2573 culpare

225 2596 436 2682 Coufirucaut.
485 2599 575 2662 Tuuc
598 2604 746 2662 tesauro
769 2598 814 2661 acl
835 2599 970 2663 delubra
990 2607 1162 2668 uocantem

220 2703 391 2782 Praecedit,
416 2706 544 2769 trahere
566 2708 662 2769 lucum
686 2706 773 2768 ultro
796 2727 835 2769 ao
856 2727 973 2771 vorare
989 2715 1148 2787 paratus,

78 2945 87 2956 ,
177 2893 235 2956 quo
267 2874 334 2937 loce
362 2875 558 2938 Heinrichius
592 2895 752 2939 numerum
788 2895 889 2939 »more
914 2852 1036 2957 poetae«
1069 2886 1227 2946 mutatum

176 3000 241 3045 esse
265 2982 354 3055 dicit,
376 2963 409 3044 et
431 2981 500 3054 elii,
524 2982 700 3063 intorques
724 2983 926 3062 Hermaunus,
949 3003 1002 3065 pro
1025 2988 1232 3070 confirmarat.

178 3089 277 3162 Tunc,
301 3108 394 3170 quam
416 3089 599 3169 scripturam
620 3089 730 3170 optimi
752 3090 871 3153 codices
889 3091 1010 3169 habent,
1034 3096 1233 3178 coufirmaus

175 3201 252 3260 tuuc
275 3197 425 3271 scribunt,
455 3196 507 3258 alii
530 3197 700 3279 coufirmat
721 3196 920 3261 substituunt.
944 3199 1064 3279 ⁶Etiam
1088 3202 1231 3279 Jahuius‚

156 3323 361 3400 quamquam
391 3305 484 3366 codex
507 3303 693 3367 Pithoeauus
720 3302 811 3366 habet
834 3306 1035 3390 confirmarat,
1058 3312 1229 3395 coufirmat

172 3412 315 3475 intentu
338 3412 449 3492 posuit.
496 3411 624 3473 Numeri
647 3412 784 3486 mutatio,
808 3415 886 3490 quod
903 3420 969 3496 jam
980 3415 1122 3491 vidimus,
1147 3423 1226 3501 apud

172 3517 358 3582 Juvenalem
393 3522 491 3581 certos
525 3518 600 3582 fines
634 3537 693 3581 nan
722 3521 891 3600 egreditur:
926 3526 979 3585 aut
1013 3526 1095 3588 enim
1129 3534 1227 3607 poeta,

173 3643 234 3688 uno
259 3625 326 3688 vitii
350 3623 478 3688 alieuius
502 3626 638 3708 exemplo
661 3627 793 3707 prolato,
815 3647 868 3709 per
889 3629 1038 3710 pluralem
1065 3651 1224 3697 numerum

172 3751 277 3795 omnes
306 3732 462 3805 homines,
496 3733 548 3814 qui
571 3753 606 3796 eo
630 3734 783 3810 laborant,
817 3737 1042 3817 complectitur,
1077 3744 1139 3814 aut,
1163 3746 1225 3804 toto

170 3858 280 3921 genere
304 3844 556 3917 commemorato,
585 3840 755 3923 exemplum
787 3843 890 3905 sumit.
934 3844 994 3908 Hic
1020 3845 1107 3911 loeus
1137 3866 1224 3911 are·

169 3946 243 4028 gula
265 3946 416 4009 declinare
440 3945 575 4020 videtur,
610 3968 679 4010 nam
710 3951 800 4029 poeta
832 3969 851 4012 a
880 3951 981 4014 tacitis
1004 3953 1136 4016 hominis
1159 3973 1223 4017 sce·

169 4052 240 4117 lesti
263 4053 500 4134 cogitationibus
524 4055 560 4117 ad
583 4055 685 4144 ipsum
706 4055 860 4118 hominem
883 4057 994 4121 certius
1017 4060 1222 4126 definiendum
