2566 4404
371 199 414 276 De
432 213 582 281 particulis
602 213 781 281 copulativis.
1054 221 1097 285 83

112 417 201 480 enatis
224 420 257 481 et
279 417 400 482 Horatii
423 418 482 481 loei
511 436 544 480 re
567 435 638 481 vera
660 416 806 499 bipertita
827 421 883 481 est.
891 421 914 497 ¹)
944 420 980 483 In
1003 421 1100 484 satira

115 541 143 600 a„
165 524 218 588 ubi
242 545 299 588 av.
312 528 375 590 216
398 524 443 588 sio
465 524 613 606 seriptum
637 528 703 588 est:

402 676 469 740 Hie
491 675 583 740 nuda
605 680 636 740 et
658 674 801 739 eandida
822 677 931 757 sipon,

113 782 172 846 Hie
194 782 326 864 aliquid
340 782 544 864 preclarum
565 781 801 864 Euphranoris
822 786 853 846 et
875 782 1040 860 Polycleti,

114 889 400 956 Ptaeeaseanorum
421 894 531 955 vetera
553 893 748 954 ornamenta
769 889 911 964 deorum,

114 997 172 1062 Hie
193 997 296 1061 libros
318 997 431 1076 datin

114 1166 319 1232 nJuvenalis
342 1168 513 1248 asyndeton
543 1167 623 1230 inter
655 1166 832 1247 anaphoras,
866 1166 916 1247 qui
949 1183 1016 1230 mos
1049 1170 1098 1230 est

114 1274 171 1350 ilii,
202 1293 354 1355 nusquam
376 1273 599 1348 interseruerit,
624 1292 738 1347 versus,
767 1273 819 1355 qui
841 1277 888 1337 est
910 1270 1096 1337 Ptaeeasia·

114 1401 157 1444 em
178 1384 288 1444 veteru
310 1384 506 1452 ornamento
529 1381 671 1455 deorum,
700 1380 789 1443 modo
818 1379 864 1443 ita
886 1381 1019 1461 expediri
1042 1399 1096 1462 po-

143 1490 179 1551 ut
211 1489 278 1552 haee
312 1489 405 1551 verba
427 1487 586 1570 adjectivo,
620 1487 700 1568 quod
723 1490 772 1550 est
799 1485 1009 1566 preclarum,
1042 1489 1096 1568 per

116 1596 258 1659 sitionem
291 1595 439 1679 adjuncta
472 1612 538 1657 esse
575 1594 726 1657 dicantur.
784 1594 834 1658 Sic
871 1597 973 1658 autem
1010 1595 1095 1659 loeus

115 1722 157 1793 nn
170 1719 234 1765 non
255 1703 351 1766 habet
374 1704 416 1780 et,
440 1719 478 1764 ne
501 1700 539 1764 de
562 1700 719 1777 vocabulo,
741 1700 822 1782 quod
844 1704 893 1765 est
904 1700 1095 1766 Ptceease'a·

115 1830 163 1882 tm,
176 1809 284 1885 dicam,
304 1809 393 1873 ouius
416 1809 514 1872 forma
537 1826 598 1872 non
620 1808 722 1872 minus
745 1807 910 1890 singularis
932 1812 980 1872 est
1002 1826 1094 1891 quam

115 1917 308 1999 significatio,
345 1937 412 1998 quae
449 1917 476 1979 ei
511 1915 686 1996 adfingitur,
723 1916 799 1978 satis
832 1914 891 1978 erit
922 1917 1093 1992 annotasse,

115 2042 150 2086 os
173 2027 263 2105 atque
286 2024 381 2088 bonos
405 2024 526 2088 eodiees
548 2022 630 2085 Hcee
651 2022 856 2085 Asianorum
884 2021 1004 2103 habere,
1036 2041 1091 2104 pro

116 2131 294 2212 pronomine
316 2130 452 2196 Jahnins
475 2130 543 2193 Hie
564 2129 729 2211 legendum
763 2147 829 2193 esse
863 2128 967 2192 credit.
1012 2128 1092 2208 Quid

116 2237 254 2318 impedit,
278 2239 446 2319 quominus
468 2240 560 2318 poeto
581 2237 663 2300 inter
684 2235 765 2299 viros
787 2235 865 2299 dona
887 2240 918 2299 et
939 2236 1093 2320 impensas

114 2348 225 2407 nentes
247 2343 395 2409 feminam
418 2344 653 2407 interseruerit?

120 2450 156 2513 In
180 2450 273 2513 satiro
302 2453 408 2515 octava
430 2454 530 2533 poeta,
553 2454 716 2532 postquam
739 2448 894 2513 Ciceronis
917 2449 954 2512 de
976 2450 1089 2532 repub-

122 2558 258 2620 Romana
286 2557 397 2622 merita
432 2558 633 2638 exposuit.·a
661 2577 688 2620 v.
711 2559 776 2622 240
797 2557 853 2620 hos
880 2574 986 2620 versus
1015 2558 1087 2621 sub·

114 2665 150 2727 it:

114 2818 220 2878 totum
241 2815 346 2896 ipitnr
367 2833 479 2877 muros
501 2815 593 2878 intro
616 2818 694 2896 topu
717 2813 855 2878 eontulit
875 2814 930 2878 tto·

114 2923 229 2985 ominis
252 2943 291 2986 oe
314 2920 412 2998 rituti,
437 2924 597 3002 qnantum
620 2941 686 2986 non
707 2922 867 3004 Leueade,
890 2926 1051 3002 quonium

114 3029 254 3093 tomaene
276 3031 401 3110 cnemis
427 3029 587 3116 Oetaoins
610 3029 747 3093 obstulit
768 3029 832 3092 udo

114 3136 226 3209 edibus
249 3137 398 3200 assiduis
419 3136 543 3219 plodio.
589 3135 656 3200 Sed
675 3135 783 3200 Roma
798 3139 980 3218 parentem,

113 3262 179 3306 >mo
194 3247 327 3324 patrem
343 3246 468 3325 patrie
494 3244 683 3308 Ciceronem
707 3244 811 3309 libero
833 3244 927 3308 dixit
1005 3266 1009 3275 ’

113 3412 232 3487 notius,
266 3416 302 3476 ut
331 3414 362 3476 in
393 3413 488 3478 sitero
516 3415 653 3479 membro
683 3419 754 3496 post
780 3415 964 3497 anaphoram
985 3415 1082 3497 parti-

113 3539 130 3582 n
152 3540 219 3583 ooo
240 3522 384 3585 omissam
414 3538 481 3597 esse
503 3521 619 3603 probet,
642 3524 717 3586 duos
739 3523 821 3586 locos
833 3525 902 3599 (sat.
913 3522 970 3586 XV
982 3543 1009 3587 v.
1023 3526 1080 3600 243

114 3812 190 3864 imile
220 3815 354 3879 loquendi
378 3830 467 3880 genus
486 3815 541 3866 hoc
559 3814 671 3868 Horatii
689 3800 879 3872 looo'exstet:
915 3816 948 3867 Si
971 3817 1078 3880 quedam

111 3897 275 3965 frumentique,
297 3900 442 3964 sipleraque
451 3900 514 3949 duro
523 3900 615 3950 Dicere
631 3899 706 3950 credit
722 3919 769 3968 eos,
790 3902 874 3966 ipnave
891 3901 967 3952 multa
977 3903 1075 3966 fatetur

111 3980 196 4048 spise.
216 3982 254 4047 n,
275 3984 298 4048 r,
317 3985 371 4049 oo).

867 4070 900 4124 6*
