2566 4404
171 206 212 268 32
451 203 494 255 De
514 201 649 255 liberiore
667 198 815 255 verborum
833 201 940 268 positu.

173 403 363 487 Ganymedis
385 406 417 468 in
439 405 522 486 pacis
544 405 659 486 templo
682 405 829 470 collocata
850 403 958 480 fuerit;
993 405 1025 468 in
1062 407 1122 470 hoo
1150 405 1219 469 enim

172 512 297 594 templo,
321 513 400 593 quud
422 513 548 592 antiquo
570 512 653 594 pacis
676 512 790 594 templo
811 513 881 594 igne
904 511 1072 594 absumpto
1091 513 1219 595 aVespe

174 620 259 683 siano
281 618 468 682 aedificatum
490 622 591 699 atqua,
622 622 656 682 ut
678 621 756 699 apud
779 619 957 699 Josephum,
992 619 1137 695 Dionem,
1168 619 1218 683 Pii·

174 725 259 789 nium
282 725 424 808 Iegtmus,
461 725 567 790 multis
596 727 707 789 statuis
730 727 918 808 picturisque
948 726 1064 790 eximie
1095 732 1218 791 ornatum

177 836 252 905 erat,
277 837 309 897 et
331 833 555 915 disputationes
576 833 682 896 haberi
713 833 819 896 solitas
842 836 874 897 et
895 832 1120 898 bibliothecam
1141 833 1219 897 func

174 946 281 1004 notum
305 943 360 1015 ost,
384 941 430 1003 ita
453 942 487 1002 ut
509 940 589 1003 inter
614 943 740 1010 statuas,
764 959 830 1020 quae
848 957 1012 1022 nusquam,
1034 941 1218 1022 quodetiam,

174 1048 347 1112 accuratius
360 1047 579 1120 describuntur,
603 1046 791 1128 Ganymedis
814 1066 931 1129 quoque
947 1049 1088 1111 statuam
1105 1048 1219 1130 positam

60 1182 63 1187 ·
158 1155 280 1230 tuisse,
304 1153 481 1217 incredibile
505 1154 636 1218 nonsit.

262 1262 297 1324 In
321 1262 416 1326 satira
438 1261 527 1344 XIII,
551 1261 603 1323 ubi
624 1266 712 1343 poeta
734 1260 809 1325 vitia
831 1262 1052 1325 omniaRcmae
1076 1263 1124 1327 ita
1144 1263 1219 1327 abnn-

179 1369 249 1431 dare
264 1369 358 1437 docet,
383 1370 418 1430 ut
440 1367 465 1430 si
490 1367 589 1432 scelus
612 1370 682 1432 ante
704 1368 876 1432 inauditum
898 1368 1123 1445 committatur,
1146 1383 1220 1432 nemo

179 1476 243 1556 iarn
266 1478 397 1556 stupeat.
422 1475 644 1539 av.162haec
666 1475 777 1555 scripta
799 1479 887 1538 sunt:

226 1628 307 1708 Quis
330 1625 489 1689 tumidum
509 1629 625 1706 puttnr
646 1628 788 1691 miratur
810 1628 847 1691 e'n
869 1626 1035 1707 Alpibus?
1057 1634 1121 1694 aut
1142 1630 1206 1714 puis

222 1735 265 1798 In
287 1733 401 1797 Meroe
422 1753 534 1802 crasso
557 1735 714 1798 maiorem
735 1735 864 1818 infante
885 1735 1097 1800 mamillam?

173 1894 176 1900 .
227 1840 359 1905 Goerrdu
381 1842 454 1923 puts
476 1843 604 1922 stupuit
630 1841 788 1906 Germani
811 1842 946 1924 luminu,
962 1843 1095 1926 flauum

227 1948 402 2012 Coesnre‘cm
425 1952 455 2011 et
476 1948 606 2011 madido
630 1953 828 2032 torquentem
850 1970 975 2014 cornua
997 1951 1111 2015 cerro?

181 2118 224 2179 Ex
258 2136 425 2198 praegresso
459 2117 601 2198 genetivo
629 2117 788 2182 Germani
816 2119 1008 2183 accusativus
1035 2119 1231 2185 Gernmnum

183 2224 220 2287 ad
232 2224 426 2305 partioIpium
442 2227 641 2306 torquentem
657 2226 748 2307 vulgo
771 2226 901 2301 audItur,
925 2227 978 2290 sed
1000 2228 1231 2304 substantivum,

183 2331 264 2412 quod
288 2333 335 2394 est
362 2329 547 2406 Oaesnrtcm,
583 2351 647 2394 eam
681 2332 762 2395 inter
790 2333 849 2396 duc
877 2333 1026 2416 adjectiva
1048 2335 1187 2418 (flamm
1207 2336 1235 2398 et

185 2440 399 2520 torquentem)
423 2439 523 2502 sedem
548 2441 640 2512 tenet,
674 2457 764 2519 quarn
786 2441 866 2521 apud
888 2440 1071 2504 Iuvenalem
1096 2444 1235 2507 substan·

185 2546 251 2622 tivi,
274 2547 311 2608 ad
336 2547 413 2626 quod
437 2547 498 2609 duo
521 2547 671 2627 adjectiva
692 2548 871 2628 pertineant,
893 2547 1236 2628 propriamessedocui·
1271 2620 1273 2625 ⁴

188 2671 265 2726 mus,
289 2671 441 2734 quumque
464 2653 522 2716 duo
545 2653 681 2716 membra
703 2672 757 2734 per
777 2654 942 2734 asyndeton
964 2655 1037 2735 poni
1060 2656 1237 2739 frequentis

187 2759 300 2823 simum
337 2761 386 2834 sit,
422 2765 453 2824 et
486 2761 569 2824 notio
596 2760 691 2836 verbi,
724 2761 804 2841 quod
832 2760 869 2822 de
896 2777 1026 2842 persona
1049 2768 1163 2844 agente
1184 2763 1239 2828 dici

188 2867 276 2947 solet,
302 2868 338 2930 ad
362 2885 436 2942 rem,
471 2869 531 2948 qua
553 2867 602 2930 vel
624 2867 656 2931 in
678 2886 738 2948 qua
761 2867 871 2948 agitur,
905 2868 1008 2932 crebro
1029 2870 1239 2944 transferatur,

192 2974 270 3037 nihil
293 2977 476 3048 caussaeest,
500 2993 554 3037 our
563 2973 706 3055 loquendi
717 2993 823 3055 genus,
847 2976 1240 3056 aquoduvenalisomniuo

188 3081 331 3155 abstinet,
353 3081 410 3144 hoc
432 3081 498 3144 Ioco
519 3082 619 3144 inesse
641 3084 774 3162 putetur.

275 3187 473 3252 Varatissimi
507 3190 579 3251 sunt
607 3189 736 3270 denique
759 3207 865 3252 versus
888 3189 990 3253 satirae
1012 3193 1132 3271 quarta·
1155 3190 1242 3276 primi

191 3295 319 3376 (1-4):
358 3319 360 3322 ⁴

233 3445 317 3510 Ecce
338 3447 461 3511 iterum
487 3447 671 3528 Crispinum
695 3451 725 3510 et
747 3450 794 3510 est
808 3446 896 3535 ¹mc'tu'
917 3465 1002 3529 saepe
1022 3451 1194 3517 vocandus

233 3553 289 3616 Ad
303 3557 430 3634 pentec,
456 3559 638 3618 monstrum
659 3552 754 3617 nullu
775 3555 895 3618 uirtute
917 3555 1118 3636 redemptum

233 3663 261 3724 A
287 3663 387 3737 nitito,
412 3681 496 3743 ceper
517 3661 654 3743 solaque
676 3661 812 3726 libidine
824 3662 946 3744 sortis:

233 3769 383 3834 Delicias
404 3769 511 3833 adduce
534 3773 662 3832 tantum
684 3770 916 3853 (a)spernutnr
938 3770 1078 3836 adulter.

193 3940 252 4002 Pro
285 3944 316 4002 et
348 3943 396 4003 est
429 3939 533 4004 crebro
570 3938 663 4003 adest
699 3939 820 4019 legitur.
871 3940 1075 4022 Adjectivum,
1098 3945 1182 4024 quod
1203 3945 1248 4007 cst

192 4066 286 4128 ceper,
311 4047 356 4110 ita
378 4046 555 4129 explicatur,
589 4052 625 4112 ut
653 4046 736 4110 idem
759 4049 850 4128 atque
876 4046 1043 4125 »infirmus
1077 4053 1247 4125 enervatus,
