2566 4404
459 221 501 274 lie
521 220 626 288 ellipsi.
1001 225 1055 287 141

159 427 236 508 535)
258 427 410 510 repetunt,
445 425 476 485 et
503 441 609 486 caussa
635 422 828 486 lacrimarum
856 418 888 487 in
911 424 1060 507 adjectivo

153 536 185 597 et
204 533 576 614 capiteserpentismotc
588 530 674 603 latet,
694 531 887 611 quamobrem
912 536 1058 613 punctum

145 660 234 720 pens
255 639 393 724 positum
416 637 553 701 membra
574 638 757 701 cohaerentia
772 638 913 702 dirimere
926 639 1052 702 videtur.

144 769 158 821 a,
182 767 250 829 quae
273 751 345 810 sunt
366 744 488 809 violato
513 744 651 808 cadurco
681 742 809 808 eandem
832 746 954 826 culpam
976 745 1073 809 indi·-

143 875 191 936 rue
215 873 301 918 voees
324 872 501 938 praegressae
525 853 694 916 concubitu
716 853 823 915 sacris
845 850 964 925 diebus,
988 858 1057 934 post

150 973 190 1037 (v.
207 966 282 1042 535)
305 964 417 1044 puncto
439 960 629 1024 incidendum
654 965 710 1039 est,
733 978 793 1042 quo
815 960 895 1023 facto
918 961 1056 1041 apodesis

174 1069 380 1132 membrorum
412 1069 584 1151 copulative
613 1069 789 1151 junctorum
830 1069 999 1132 communis
1037 1087 1056 1132 a

146 1176 249 1239 littus
272 1176 416 1239 tacrtmoe
438 1175 560 1256 incipit:

142 1330 251 1410 petit
271 1329 434 1392 veniam.
473 1327 605 1408 Quoties
616 1345 682 1389 nora
695 1326 836 1389 abstinet
848 1345 1021 1408 uacrsqq.,

138 1436 310 1500 stacrtmoe
331 1434 550 1514 meditataque
571 1453 742 1496 murmura
757 1437 924 1514 praestant
944 1454 1024 1515 sqq„

137 1624 194 1686 que
228 1607 357 1680 caussis,
393 1604 502 1686 quibus
525 1605 695 1666 commotus
717 1602 892 1684 Madvigius
926 1605 1048 1669 distiuc·

146 1732 288 1776 versuum
321 1712 478 1795 vulgatam
515 1710 692 1773 mutandam
734 1728 799 1773 esse
839 1711 971 1784 censuit,
1017 1715 1048 1776 et

159 1838 248 1900 quam
283 1820 436 1900 exposuit·
463 1821 495 1881 et
528 1817 719 1880 cohaerentiae
749 1818 896 1881 sermonis
926 1818 1046 1883 satisfit.

134 1927 255 1990 stinctio
279 1926 390 2012 melior,
407 1925 456 2001 sit,
480 1924 645 2006 dijudicare
669 1942 727 1988 nou
750 1923 857 1987 ausim.

133 2051 214 2114 ’oque
247 2034 343 2114 igitur
372 2035 437 2097 loco
464 2034 496 2095 in
526 2032 677 2096 sententia
700 2030 869 2112 copulative
893 2032 1044 2114 adjuncta,

132 2159 140 2201 ι
171 2139 342 2222 conjunctio
376 2149 499 2219 (qaum,
529 2139 668 2220 quoties)
702 2137 833 2201 similem
862 2140 1044 2204 sententiam

131 2265 196 2309 sam
217 2247 343 2322 inducit,
372 2247 524 2330 particula
545 2246 758 2309 condicionalis
782 2246 893 2309 omissa
916 2251 964 2310 est
986 2249 1044 2322 (sic

130 2371 187 2416 roos
220 2354 411 2434 accipiendos
445 2353 547 2438 potius
581 2372 647 2416 esse
675 2370 766 2433 quam
796 2353 1042 2435 conjunctionem

129 2460 185 2522 tam
199 2479 264 2524 esse
273 2462 382 2538 credo),
395 2463 427 2524 et
438 2459 542 2542 paucis
555 2460 637 2540 apud
643 2460 664 2524 J
665 2460 825 2523 uvenalem
839 2460 913 2523 locis
925 2461 1041 2544 passivi

128 2565 187 2630 ium
210 2567 340 2649 subjecti
362 2559 463 2630 locum
485 2570 592 2630 tenens
615 2567 716 2630 tutrrro
740 2566 822 2629 verbi
844 2567 974 2649 tempori
997 2570 1041 2633 ita

127 2693 174 2755 nr,
197 2676 233 2735 ut
255 2674 458 2737 condicionem
483 2674 645 2737 contineat.
691 2673 725 2734 In
748 2675 842 2738 satira
864 2677 943 2740 euim
956 2679 1039 2753 XIV,

125 2783 153 2844 ta
175 2781 257 2843 avari
280 2800 315 2843 ac
338 2781 450 2844 sordidi
473 2781 603 2844 hominis
626 2780 727 2844 cibum
750 2783 871 2865 putrem
894 2804 929 2848 ac
946 2785 1039 2850 vilem

124 2908 139 2962 ;‚
162 2888 212 2951 hic
235 2906 339 2951 versus
361 2887 475 2968 legitur
498 2888 602 2968 (134):

123 3039 259 3102 aoitutas
281 3039 328 3102 od
348 3039 413 3103 ttoec
436 3039 560 3120 aliquio
582 3039 620 3103 de
635 3044 738 3120 ponte
759 3045 897 3123 necabit.

121 3226 154 3270 us
188 3229 242 3292 pro
275 3209 416 3289 cepaea,
450 3228 540 3290 quam
578 3208 761 3294 scripturam
794 3214 885 3276 multi
918 3214 1035 3279 codices

134 3316 252 3399 primus
275 3317 407 3397 reepcrbc't
428 3315 578 3391 restituit3
603 3315 656 3379 alii
671 3319 809 3401 necarit,
834 3320 886 3383 aiii
901 3326 1036 3408 necaret

118 3426 213 3486 actura
242 3424 273 3486 in
295 3426 412 3486 textum
446 3425 632 3504 receperunt,
666 3443 739 3504 quos
762 3426 958 3492 Heinrichius
990 3429 1034 3495 ita

118 3577 125 3602 ‚
159 3533 193 3593 ut
225 3531 373 3611 pedestris
408 3531 551 3594 orationis
585 3535 738 3595 auctorem
773 3534 816 3598 sic
848 3536 1033 3618 scripturum

115 3637 180 3699 icat.
205 3637 341 3700 Minime.
364 3637 459 3701 Aliud
471 3637 551 3701 enim
564 3641 619 3716 est
628 3641 708 3722 quod
721 3643 906 3723 conjunctivi
916 3645 1031 3726 imper-

117 3744 195 3806 usito
228 3744 341 3824 aliquid
371 3744 427 3807 sub
458 3745 560 3824 aliqua
589 3747 771 3825 condicione,
806 3751 855 3814 cni
888 3751 1030 3816 satisfieri

113 3898 119 3920 ‚
144 3853 322 3914 eventurum
335 3870 400 3914 esse
414 3852 534 3928 dicitur,
559 3852 640 3916 aliud
652 3857 739 3935 quod,
756 3856 914 3924 indicativi
927 3860 1030 3924 futuro

111 3958 238 4040 :posito
261 3958 384 4037 aliquid,
413 3959 437 4020 si
462 3959 633 4025 condicioni
654 3962 749 4028 alicui
767 3967 915 4044 satanas,
939 3985 1034 4028 euen-

102 4080 153 4166 sse
160 4065 390 4146 pronuntiatur.
428 4067 467 4133 In
482 4069 587 4138 satirae
600 4075 709 4140 tertiae
720 4095 754 4140 u.
770 4078 949 4143 'isa-ms
964 4073 1068 4152 Quod
