2566 4404
441 227 484 280 De
503 226 608 294 ellipsi.
992 232 1050 297 161

136 446 251 503 orsum,
287 447 357 492 enm
385 428 454 510 plns
486 429 694 510 profecturum
728 429 824 493 fnisse
858 430 1050 498 crediderim.

138 538 171 600 ta
192 553 298 599 versus
321 537 491 601 582-584
512 539 582 616 post
605 553 727 599 versum
750 539 809 602 591
843 537 979 619 scripsit3
1009 539 1053 603 sic

152 641 247 706 oratio
259 640 373 723 optime
389 640 531 717 decurrit
554 643 714 712 etcanssa
738 661 791 705 cur
812 641 1053 709 illirersnsloco

135 749 160 828 t,
184 748 316 830 perspici
347 749 465 829 potest,
488 766 561 811 nam
580 749 746 812 mediocres
768 747 912 812 divitibus
934 751 1052 831 opponi,
1136 770 1139 776 ·

135 873 157 929 a,
194 874 261 936 quae
284 857 356 918 sunt
386 854 465 934 Quoe
486 853 586 917 nadis
609 853 740 934 lorcyum
764 854 904 918 ostendat
925 857 1052 921 ceruici-

135 971 242 1036 nm(v.
255 962 342 1044 589),
363 961 567 1042 prostibulum
576 960 609 1024 in
631 950 766 1043 caupona
777 964 932 1043 quaestum
939 963 1052 1028 faciens

134 1087 169 1132 re
200 1068 400 1150 putabantur,
428 1087 517 1149 qnam
547 1069 767 1131 enarrationem
789 1068 880 1132 verba
896 1071 1054 1150 sequentia

133 1176 251 1240 lellunt.
302 1173 372 1238 Alia
394 1179 426 1238 et
455 1174 574 1258 gravior
601 1192 708 1238 caussa
730 1174 848 1246 subest,
871 1193 925 1237 cur
947 1194 1053 1242 versus

133 1282 346 1346 ibuidebeent.
375 1283 471 1346 Poeta
482 1281 571 1357 enim,
582 1282 746 1361 postquam
756 1281 861 1344 verba:
883 1280 1052 1346 Plebeiam

149 1390 297 1469 positum
319 1392 368 1472 eol
390 1392 420 1451 et
441 1385 724 1469 inapperefclnm
744 1387 829 1463 dixit,
854 1389 1051 1454 modounum

132 1515 184 1558 nrn
217 1513 314 1577 genus
337 1494 432 1574 (Quae
459 1493 560 1557 nadis
589 1493 722 1574 lorcyum
749 1503 826 1575 sqq·)
857 1496 997 1577 adjungit
1019 1500 1051 1560 et

131 1621 165 1665 na
198 1603 310 1675 utitur,
343 1601 392 1664 cni
425 1619 460 1664 ex
494 1600 559 1663 eius
587 1599 730 1682 loquendi
759 1619 817 1664 usn
844 1600 973 1665 alterum
997 1621 1049 1666 ex-

131 1729 137 1771 ι
173 1707 296 1790 adjungi
331 1707 424 1783 solet,
456 1706 571 1782 deinde,
606 1724 787 1787 quamquam
821 1708 910 1770 modo
942 1725 1050 1789 copam

130 1815 262 1887 notavit,
314 1813 481 1878 orationem
520 1813 564 1877 sic
605 1812 778 1875 continuat:
827 1811 892 1875 Hce
940 1817 1049 1878 lemen

129 1924 184 1984 tuo
228 1920 368 1983 soleant
409 1919 599 1995 discrimen,
640 1917 692 1981 nbi
730 1918 850 1983 subitus
892 1938 910 1982 a
943 1921 1048 2002 singn-

158 2027 308 2109 plnralem
339 2044 500 2089 numerum
532 2024 680 2088 transitus
701 2024 879 2089 insolentior
901 2030 957 2090 est.
991 2029 1048 2091 Al-

132 2133 229 2215 igitur
268 2132 456 2214 plebeiorum
491 2150 588 2213 genus
621 2131 825 2208 desideratur,
864 2135 896 2196 et
931 2134 969 2196 ob
1002 2134 1049 2198 di·

127 2240 237 2305 rlebeiae
272 2236 591 2304 commemorationem
630 2238 771 2319 pauperis
802 2241 1048 2305 commemoratio

127 2349 204 2427 rtur,
238 2365 330 2428 quam
362 2363 481 2409 versus:
523 2342 563 2407 Si
592 2344 763 2408 mediocris
790 2346 853 2408 erit
873 2365 942 2427 sqq.
967 2352 1048 2430 (qnae

126 2453 242 2517 uocibus
290 2453 369 2532 Qnae
401 2450 501 2515 nudis
534 2450 671 2532 longam·
699 2451 840 2515 ostendit
872 2454 1048 2517 ceruicibus

150 2562 220 2640 epte
254 2560 456 2641 opponuntur)
490 2559 643 2621 continere
677 2559 825 2635 ridentur,
863 2562 894 2623 et
926 2562 1047 2624 utrum-

125 2685 186 2730 nus
220 2665 368 2747 singulari
401 2683 527 2729 numero
557 2666 672 2729 elatum
707 2664 862 2729 divitibus
895 2660 1046 2731 nobilibus

124 2771 331 2836 onsnlentibus
364 2771 550 2835 contrarium
577 2771 708 2853 ponitur.
751 2774 848 2836 Poeta
870 2773 927 2849 sic,
962 2777 1047 2855 post-

123 2879 243 2942 'eminas
266 2879 381 2942 nobiles
393 2877 607 2959 (pauperiores,
619 2878 722 2958 credo)
745 2879 952 2960 ephemeridas
974 2899 1046 2944 con-

129 2985 220 3060 dixit,
254 2986 385 3067 primurn
421 2983 532 3047 divites
561 2983 676 3048 nobiles
707 2985 881 3066 peregrinos
915 3006 1046 3068 augures

122 3092 293 3156 onsulentes
316 3093 549 3165 commemorat,
572 3090 680 3154 deinde
696 3089 860 3171 plebeiam
873 3091 988 3174 fatum
1008 3095 1047 3158 r'n

121 3200 247 3262 resilere
275 3217 343 3262 esse
370 3196 483 3259 addens
514 3195 597 3277 (ante
631 3216 698 3279 quae
720 3199 812 3260 verba
840 3201 951 3279 puncto
972 3199 1046 3264 inei·

121 3323 130 3368 r
152 3311 228 3381 est),
262 3305 333 3386 quia
354 3302 447 3366 variis
474 3302 607 3365 iccirco
636 3302 712 3366 locis
742 3303 864 3368 feminee
895 3323 929 3367 ex
957 3305 1045 3386 plebe

123 3431 154 3475 re
183 3411 334 3486 solebant,
370 3409 502 3472 diuitem
532 3408 681 3489 plebeiam
709 3414 779 3473 ante
808 3411 915 3492 phalas
945 3430 1046 3477 coram

119 3537 152 3594 s,
185 3517 376 3581 mediocrem
398 3515 547 3579 occultius
570 3516 778 3606 consulentem
799 3517 924 3582 inducit
968 3520 1045 3583 Ora-

133 3624 261 3706 denique
285 3625 328 3687 sio
352 3623 526 3686 continuat:
557 3621 622 3685 Hre
644 3624 752 3687 lernen
775 3626 944 3705 elperico
972 3627 1045 3690 sob-

117 3731 350 3809 poemenem„
374 3747 441 3809 quae
465 3729 553 3792 verba
569 3728 705 3810 plebeias
716 3730 845 3794 feminas
868 3735 911 3805 (et
934 3732 1044 3799 divites

116 3839 223 3916 locres)
241 3836 387 3898 divitibus
398 3834 552 3898 nobilibus
565 3834 732 3898 contrarias
743 3839 859 3917 ponunt
870 3837 1045 3919 (Sedjocet

115 3945 198 4007 ruia
226 3942 298 4005 ullu
313 3961 481 4022 puerpera
508 3940 610 4024 lecto).
664 3942 839 4006 Orationem
870 3943 914 4008 sic
936 3945 1045 4008 decur-

111 4073 117 4112 ,·
143 4050 333 4114 colraerentr'ae
366 4048 518 4115 sermonis
552 4048 704 4116 satisfieri
730 4051 970 4116 tenementum
999 4066 1074 4110 essu

890 4153 932 4207 Ἃ
1077 4149 1081 4155 ”
