2566 4404
115 223 174 284 172
440 218 483 269 De
502 216 696 284 interrogandi
715 217 814 270 formo.
836 216 844 230 ¹

111 420 205 484 ratius
228 422 259 483 et
283 419 418 493 Persius,
441 420 520 483 hunc
541 414 670 483 formum
693 410 805 499 ubique
827 422 931 500 ponat,
959 419 1147 484 nominativus

113 528 171 607 qui
211 526 387 607 posterioris
420 525 478 589 Ioci
513 525 647 589 offendit.
699 526 813 588 Omnes
844 527 950 589 eutem
983 526 1097 590 codices
1124 526 1150 588 in

110 633 207 697 foruna
231 633 416 714 pronominis
444 632 654 708 consentiunt,
687 631 884 712 quamobrem
913 651 1000 713 paene
1034 632 1152 696 adducor

113 744 147 803 ut
174 740 309 814 credam,
332 738 524 813 quenalem,
553 738 808 818 quemadmodum
836 737 867 799 in
898 737 998 802 altero
1027 739 1153 802 membro

111 849 257 926 tempora
279 844 447 926 scripserit,
482 845 526 908 sio
560 845 594 907 in
625 845 722 925 priore
754 862 816 907 non
837 845 960 907 meusis
996 850 1063 922 (cur
1083 846 1154 909 enim

115 972 193 1016 unus
216 952 337 1014 tuntum
360 951 474 1014 mensis
497 951 615 1014 damnis
638 952 727 1014 datus
750 968 816 1014 esse
839 951 962 1028 dicitur)
975 953 1155 1016 sedmeuses

112 1058 277 1139 scripsisse.
322 1056 408 1134 Quod
431 1057 457 1119 si
480 1057 574 1120 statui
596 1060 706 1138 potest,
729 1057 891 1120 satirarum
913 1059 1157 1140 scriptoresquis

111 1160 223 1245 ubique
244 1166 370 1244 ponunt.

198 1269 453 1351 interrogationes
487 1269 653 1350 pendentes
688 1268 847 1332 quenalis
879 1287 934 1350 per
956 1270 1158 1347 indicativum,
1201 1278 1206 1286 “

111 1377 164 1459 qui
190 1376 309 1439 'modus
338 1375 415 1455 apud
441 1375 554 1458 priores
577 1374 750 1456 frequenter
770 1375 940 1451 inuenitur,
975 1395 1037 1440 non
1070 1378 1159 1442 effert

113 1483 307 1564 Impeuutiuo,
330 1483 381 1562 qui
406 1486 453 1545 est
475 1481 542 1544 dic.
572 1482 771 1564 interroget-io
793 1483 920 1563 simplex
944 1483 1057 1564 subjici
1078 1484 1159 1562 solet,

112 1593 144 1652 et
155 1589 207 1652 ubi
218 1588 366 1670 legimus:
379 1588 431 1652 VI.
440 1591 480 1654 29
489 1587 569 1665 Dic,
582 1608 648 1668 quo
661 1587 836 1669 Tisiphone
847 1589 1018 1669 crepitare
1024 1589 1052 1667 2,
1059 1591 1113 1667 XI,
1124 1596 1160 1655 54

111 1693 185 1769 Dic,
201 1713 335 1774 passer,
369 1695 422 1758 cui
444 1697 491 1757 toi
511 1699 649 1759 moutes.
684 1698 731 1757 tot
746 1694 879 1774 predia
907 1695 1049 1759 seruus?
1082 1697 1160 1774 XIV,

112 1800 259 1876 2091111,
283 1802 400 1881 quiste
414 1800 580 1884 festinare
596 1796 698 1881 jubet,
724 1802 775 1878 VI,
798 1805 860 1868 393
873 1800 940 1865 De'c
962 1802 1045 1866 urie·
1067 1822 1161 1877 nuuc,

112 1926 230 1989 queso,
253 1907 313 1986 dic,
340 1909 569 1989 antiquissime
580 1908 698 1983 diuum,
726 1907 958 1988 Respoudesuc
980 1909 1060 1972 iris?
1080 1911 1162 1985 XIII,

91 2017 153 2080 '34
177 2013 257 2090 Dic,
290 2016 401 2078 seuicr
423 2014 513 2078 buliu
543 2015 749 2101 diutissime,
771 2016 893 2089 uesce’s,
926 2015 1018 2096 Ques
1048 2017 1164 2081 habeut

118 2121 255 2187 Veneres
286 2121 397 2186 ulcerea
418 2120 588 2201 pecunie?
621 2117 726 2184 eadem
759 2122 903 2203 loquendi
935 2123 1035 2187 forme
1069 2126 1166 2187 exstat

112 2232 203 2309 utque
236 2230 293 2292 hoo
325 2230 406 2293 loco:
442 2228 519 2303 VII,
551 2233 609 2294 10ss
632 2227 839 2309 Decipitur,
873 2226 955 2308 quid
988 2229 1164 2293 causidicis

114 2334 227 2399 cicilio
250 2339 417 2416 prestant
442 2333 557 2419 Officio
585 2339 615 2398 et
641 2355 758 2416 ruupuo
787 2336 984 2399 comites'iu
1004 2334 1103 2418 fasce
1130 2336 1164 2400 li-

113 2441 210 2507 uerri?
244 2442 296 2505 ubi
318 2443 512 2506 Hermannus
536 2463 570 2505 ox
598 2442 754 2505 nonnullis
781 2442 934 2506 codicibus
950 2448 1114 2522 precedent
1135 2445 1166 2506 iu

115 2552 198 2612 textu
232 2550 342 2629 posuit.
412 2549 534 2612 Duobus
579 2554 660 2612 certe
692 2548 768 2612 locis
801 2549 999 2631 interrogatio
1031 2551 1164 2631 pendens

12 2689 14 2694 .
113 2656 211 2719 eidem
245 2656 424 2737 imperativo
458 2655 634 2737 subjicitur:
668 2656 713 2731 X,
736 2659 797 2722 338
825 2655 912 2734 Quiri
930 2655 1068 2735 placeat
1100 2658 1164 2731 eru

114 2762 174 2833 XI,
197 2766 238 2826 33
272 2760 337 2825 Dic
365 2762 439 2839 tibi,
480 2763 554 2842 quis
576 2770 621 2824 sis
654 2762 717 2836 (ubi
751 2762 810 2826 loci
836 2763 913 2825 ratio
937 2765 1162 2845 conjunctivum

115 2866 264 2949 requirit),
287 2868 340 2930 sed
351 2868 384 2931 in
395 2869 488 2932 satira
499 2873 613 2943 octava,
637 2869 720 2930 ubis
739 2888 767 2931 v.
781 2871 821 2933 56
838 2868 870 2930 hi
892 2887 999 2933 versus
1021 2870 1164 2952 leguntur

116 2974 181 3055 (qui
212 2974 296 3036 loeus
323 2992 390 3037 curu
410 2975 463 3038 illo
494 2977 595 3038 sutirsu
625 2977 762 3057 septimus
784 2975 850 3037 loeo
872 2975 963 3056 vuuigo
982 2977 1163 3056 confertum:

115 3079 180 3144 Dc'c
204 3079 302 3161 milei,
341 3081 536 3145 Teucrorum
552 3081 681 3162 proles,
710 3080 872 3145 cuimuliu
894 3086 986 3146 ruutu
1012 3084 1094 3163 Quis
1114 3103 1163 3165 pe-

118 3206 238 3250 uerosu
264 3191 361 3268 putet
406 3188 474 3250 uisi
498 3187 608 3270 sertio
647 3187 796 3265 (nonnulii
824 3187 941 3253 codices
967 3193 1071 3269 putat
1111 3191 1163 3254 hs-

116 3293 217 3369 bent)‚
245 3294 443 3375 interrogatio
475 3295 590 3358 directe
621 3314 674 3376 per
697 3295 921 3376 conjunctivum
955 3296 1051 3375 elata,
1087 3297 1160 3379 quod

116 3401 258 3481 loquendi
292 3419 390 3481 genus
424 3401 504 3482 apud
534 3402 715 3466 Juvenalenu
749 3403 889 3482 frequens
922 3406 970 3467 est
1003 3404 1069 3478 (cfr.
1099 3403 1163 3476 VII,

121 3513 178 3572 147
208 3508 288 3586 Quis
311 3506 565 3571 benedicentem
586 3507 743 3570 Busil.·.·m
760 3506 872 3590 serui,
906 3508 996 3583 VIII,
1035 3515 1074 3575 14
1100 3509 1164 3574 Cur

117 3613 262 3695 puudeut
300 3613 519 3695 Aliobrope'ce's
547 3614 674 3678 Fabius
695 3617 728 3690 11,
778 3616 956 3695 imperativo
1005 3616 1166 3700 subjuncta

343 3759 599 3765 ....-⁴——-—.-—-
1072 3761 1160 3768 —..-

149 3806 168 3870 ¹)
187 3804 288 3870 Multo?
318 3811 412 3857 tumen
446 3806 551 3872 saepius
579 3805 726 3858 Iuvenalis
759 3821 817 3859 rem
852 3807 995 3861 affirmans
1026 3823 1080 3875 per
1107 3824 1166 3862 con·

190 3888 308 3955 junctivi
342 3890 465 3940 futurum
501 3895 629 3941 exactum
661 3889 818 3942 dubitative
852 3891 1023 3958 interrogat:
1059 3891 1104 3958 ΙΙ,
1133 3896 1165 3947 24

194 3972 253 4030 Quis
272 3973 353 4022 tulerit
374 3972 497 4023 Gracchos
514 3973 543 4021 de
560 3974 672 4024 seditione
689 3983 809 4038 querentes
828 3976 877 4028 cfr.
897 3974 932 4041 X,
952 3976 1014 4041 231,
1033 3975 1108 4041 VIII,
1125 3977 1165 4040 30,

189 4055 247 4123 XV,
268 4057 325 4112 104.
