2566 4404
109 217 173 283 200
446 210 489 265 De
508 212 667 266 mutatione
688 209 826 275 subiecti

200 416 233 479 in
266 414 402 497 subjectu
435 415 581 480 mutando
600 414 762 479 iuvenalia
792 412 877 476 alin
903 412 985 475 fines
1009 428 1154 474 raucessrs

110 540 288 605 progressus
304 539 370 585 esse
393 521 476 586 nullu
499 522 589 586 uredo
611 521 672 586 diri
689 524 803 603 potest,
823 538 900 582 mm
920 519 1005 600 quod
1025 537 1045 581 a
1074 516 1154 580 teria

111 628 195 694 verbi
241 646 369 710 persona
408 629 446 692 ad
491 629 656 692 secundam
714 627 765 691 rel
801 646 822 690 a
868 627 1005 690 seruurh
1039 641 1156 706 paeana

112 735 150 801 ad
173 735 293 799 tertiam
317 733 404 799 nulla
428 733 558 817 subjecti
580 735 695 799 mutati
709 733 933 816 signifieatieue
955 735 1038 800 ferta
1058 731 1158 812 wius

111 841 236 919 truusit,
271 841 406 906 omnium
429 843 591 906 satirarum
618 841 817 924 scripturum,
844 843 900 923 qui
920 844 980 904 aut
999 854 1158 922 persuum,

114 966 244 1031 ‹prueuru
275 947 502 1030 colloquuntur,
536 947 672 1031 fingunt.
705 953 761 1012 aut
786 965 920 1029 quarum
946 948 1052 1011 animo
1075 945 1161 1007 lectur

114 1054 300 1127 uirvursutur,
324 1072 484 1119 commune
499 1059 555 1131 est,
578 1058 610 1120 et
621 1059 733 1137 praeter
743 1055 858 1118 formas
879 1054 955 1118 hine
976 1057 1061 1118 orias
1082 1052 1160 1115 mede

113 1161 145 1225 iu
168 1160 261 1226 satira
283 1165 368 1225 sexta
390 1180 425 1226 ea
447 1162 589 1244 loquendi
612 1163 713 1227 ferma
724 1161 902 1243 frequenter
923 1162 1069 1240 uacuum
1090 1159 1160 1240 quud

114 1266 304 1349 autpertum,
333 1269 384 1332 ubi
408 1287 507 1333 sermo
530 1287 548 1332 a
569 1268 665 1333 tetius
688 1267 869 1331 feminarum
892 1269 1019 1349 generis
1039 1284 1164 1330 camme-

114 1374 282 1439 ruorutiuue
298 1374 336 1439 ad
358 1393 482 1439 uxerem
507 1374 721 1457 exagitandam
741 1375 915 1449 revertitur,
935 1375 1103 1455 aliquoties
1120 1374 1160 1437 iu·

116 1480 265 1547 seleutius
288 1482 433 1546 mutatur.
478 1482 572 1546 Poeta
594 1481 695 1559 euim,
729 1481 781 1562 qui
802 1480 862 1544 h'ae
883 1481 981 1544 satira
1004 1499 1038 1544 se
1060 1482 1160 1545 Pesti-

115 1606 200 1653 ruuru
232 1586 466 1653 uruatrimeuie
493 1588 625 1653 ineunda
654 1588 806 1651 deterrere
839 1587 947 1669 fingit,
986 1605 1160 1668 quamquam

116 1713 220 1760 urrruus
245 1694 374 1763 t'eruiuus
408 1695 451 1759 ita
473 1696 671 1777 degenerasse
693 1694 785 1771 didit,
807 1698 859 1772 ut,
893 1693 947 1776 qui
970 1698 1075 1758 mente
1096 1711 1159 1758 saur

116 1800 166 1877 rit,
191 1802 228 1867 du
252 1817 342 1866 uxore
365 1801 503 1866 ducenda
525 1802 660 1884 rogitare
681 1819 769 1883 passe
791 1804 900 1884 neget,
923 1820 1053 1866 uxerem
1074 1800 1160 1865 multa

115 1907 246 1991 peioraue
278 1925 368 1989 quarn
391 1908 523 1991 virgines
547 1925 614 1972 esse
638 1906 747 1989 ubique
769 1907 939 1983 wuuudit,
972 1927 1043 1973 eam
1064 1907 1159 1990 impri-

116 2014 175 2081 ruis
198 2014 378 2097 perstringit
399 2019 489 2096 etque
512 2016 551 2078 ad
573 2032 639 2078 eam
664 2033 786 2099 semper
808 2015 992 2092 revertitur,
1022 2016 1102 2107 unde
1122 2014 1157 2088 fir,

117 2125 152 2185 ut
164 2123 284 2186 exstent
294 2119 363 2196 lodi,
385 2120 546 2203 inquibus,
568 2125 730 2204 postquam
744 2123 777 2185 in
788 2121 1033 2203 praecedentibus
1044 2124 1159 2186 cuneus

118 2228 248 2292 t'eruiaus
272 2228 440 2305 reeusarit,
476 2229 576 2293 subito
605 2229 643 2291 ad
676 2246 800 2292 uxorem
837 2229 959 2304 redeat,
995 2231 1049 2293 sed
1075 2245 1159 2311 quum

118 2333 214 2399 laetor
237 2335 294 2399 hee
317 2333 382 2398 eius
405 2352 488 2400 urere
500 2338 642 2400 assuetus
655 2335 828 2418 subjeetum
850 2334 940 2401 facile
963 2337 1114 2419 suppleat,
1135 2333 1160 2397 hi

118 2440 175 2505 idei
199 2440 273 2506 uiiril
297 2439 363 2505 duri
387 2441 509 2509 habeut.
555 2441 586 2506 Si
609 2442 781 2528 exemplum
806 2442 908 2524 paullo
932 2444 1041 2524 durius
1063 2461 1162 2507 eruen-

117 2547 190 2613 duru
213 2551 269 2617 eut.
293 2550 347 2613 aut
368 2548 469 2625 loeus,
492 2548 542 2630 qui
566 2567 584 2612 a
605 2569 633 2612 v.
658 2551 721 2614 235
743 2549 869 2632 legitur,
900 2551 1092 2614 annotandas
1114 2553 1162 2623 est,

117 2653 169 2719 ulii
197 2656 304 2741 poeta,
347 2657 512 2741 postquam
538 2672 626 2721 suoru
648 2655 681 2719 in
712 2656 816 2720 mariti
850 2657 941 2721 demo
973 2656 1053 2720 nihil
1086 2656 1165 2738 peius

117 2778 182 2827 ease
205 2760 377 2842 affirmavit,
402 2762 439 2826 ab
462 2761 553 2826 huius
570 2764 859 2828 commemoratione
871 2763 908 2827 ad
920 2781 1055 2840 uxerem,
1078 2780 1162 2845 quam

118 2868 339 2934 udruuuitioues
359 2870 466 2935 ruutris
484 2872 572 2934 tetrae
592 2871 789 2953 corruperint,
812 2871 1107 2934 commemorandam
1120 2887 1167 2932 su·

117 2974 182 3039 bitu
209 2976 333 3041 truusit:
362 2973 495 3056 Decipit
516 2975 578 3040 dra
601 2980 731 3059 (saurus)
763 2975 920 3041 Custodes
943 2981 1006 3040 aut
1029 2997 1091 3041 rere
1113 2974 1164 3038 do-

117 3085 198 3157 ruui,
223 3085 301 3146 turre
324 3100 456 3163 corpore
477 3102 559 3148 serre
573 3083 723 3148 Adeoeat
744 3084 832 3166 (filia,
855 3091 939 3160 uxor)
963 3084 1166 3166 Archigenen

119 3208 320 3271 operosaque
336 3188 449 3271 pallia
464 3191 588 3272 jactat,
617 3210 675 3273 quo
697 3191 763 3255 loce
789 3192 954 3273 Rupertius
976 3193 1017 3256 ad
1039 3192 1169 3266 verbum,

119 3296 198 3378 qued
211 3301 258 3361 est
275 3296 421 3376 advocat,
445 3317 573 3376 socrum,
594 3298 748 3380 adjuetut
761 3316 883 3362 uxerem
903 3298 1090 3364 audiendam
1108 3316 1170 3362 esse

120 3403 327 3468 ‹laurenstrare
362 3408 500 3480 conetur,
535 3408 567 3469 et
600 3406 653 3469 alii
686 3424 808 3469 socrum
841 3404 951 3486 ubique
989 3407 1171 3471 audiendam

121 3527 187 3575 esse
211 3511 396 3576 eerrtenduut
430 3549 470 3558 -
504 3517 557 3577 aut
586 3512 638 3577 ille
666 3512 766 3590 loeus,
795 3511 847 3575 ubi
869 3515 974 3594 poeta,
1008 3517 1173 3599 postquam

120 3615 251 3681 i'enrinus
274 3635 308 3680 ex
343 3618 440 3700 plebe,
466 3621 491 3683 si
515 3621 638 3707 fortuna
659 3623 763 3702 rogat,
795 3619 923 3683 nutriris
951 3619 1074 3685 labores
1096 3622 1175 3686 ferre

118 3723 204 3798 dixit,
228 3724 282 3789 hus
303 3742 408 3791 versus
430 3744 449 3790 a
471 3747 498 3791 v.
521 3729 584 3795 593
619 3727 790 3810 subjungit:

164 3929 231 3997 Sed
244 3932 335 4013 jurei
357 3938 476 3998 aurudo
498 3935 554 3998 adr
576 3934 649 3998 ullu
665 3953 833 4015 puerpera
855 3931 944 3998 lecto.

166 4031 309 4104 Turtam
331 4044 420 4105 artes
442 4041 550 4120 haias,
573 4046 702 4106 turrium
724 4041 940 4106 medicamina
956 4046 1113 4122 possunt,
