2566 4404
394 207 435 260 De
454 207 588 262 liberiore
606 208 754 264 verborum
771 212 876 279 positu.
1115 217 1158 283 39

150 410 270 475 Mitem
291 413 442 476 orimum·
458 416 488 476 et
509 432 613 478 mores
634 413 769 479 modicis
791 415 1084 503 erroribusaepoos

152 518 311 600 Pracipit
332 524 427 603 etque
448 522 579 585 ecimus
600 540 767 586 servorum
788 527 819 588 et
837 544 974 605 corporo
995 533 1111 593 oestro

150 623 301 691 Materte
323 632 472 693 constare
487 631 590 711 potet
604 629 806 713 peritosque
828 631 1000 708 elementis,

151 734 207 799 Aa
230 736 343 800 sarire
365 736 453 801 docet
476 735 621 813 Rutilus,
644 738 700 820 poi

103 841 265 924 Imprimis
280 845 464 927 adjectivum
478 845 538 921 (vel
556 861 728 926 pronomen,
752 845 955 928 participium,
978 864 1038 911 non
1060 867 1153 930 gene·

101 951 211 1028 tivus),
245 953 324 1033 quod
358 953 397 1016 ad
430 952 598 1034 subjectum
632 952 773 1034 pertinet,
806 953 838 1017 in
870 955 966 1020 altera
993 956 1152 1034 sententie,

103 1059 278 1142 subjectum
301 1060 332 1122 iu
355 1061 450 1125 altere
471 1061 607 1143 ponitur:
623 1061 717 1140 .X,4l
741 1061 867 1142 Quippe
889 1066 972 1127 tenet
995 1062 1079 1128 tuoe
1100 1083 1152 1128 ea

102 1165 194 1230 done
208 1166 363 1247 publicos
385 1172 424 1244 et,
456 1169 521 1232 sibi
542 1167 655 1232 consol
677 1168 728 1232 Ne
743 1167 885 1249 ptocect,
916 1189 1015 1234 curro
1037 1191 1151 1237 sacas

102 1280 259 1361 portetur
291 1276 407 1355 codem,
440 1277 493 1357 IV,
507 1279 549 1344 60
581 1273 644 1340 Ubi
671 1296 865 1360 poemenem
897 1277 1011 1342 diruto
1042 1284 1152 1344 servet

103 1385 219 1468 [pocot
248 1382 427 1457 Troianam
459 1388 490 1448 et
518 1381 646 1448 Vestam
678 1383 755 1455 colit
776 1383 864 1449 Albo
895 1386 1062 1459 minorem,
1096 1388 1150 1452 cs.

104 1493 193 1570 XIII,
206 1497 255 1569 29,
279 1492 360 1569 XIV,
374 1496 401 1567 3,
424 1492 521 1556 etsie
544 1491 736 1574 accipiendus
760 1494 807 1558 est
828 1492 922 1576 locus,
956 1495 1006 1575 qui
1041 1494 1074 1558 in
1103 1514 1146 1559 se-

105 1602 163 1666 tira
185 1601 248 1664 XII
269 1618 288 1663 a
309 1620 336 1664 v.
353 1604 390 1666 91
415 1599 544 1685 legitur:
567 1597 699 1681 Leopoc
721 1602 830 1664 erexit·
839 1601 952 1682 joooo
973 1621 1083 1666 ramos
1104 1601 1150 1666 Et

107 1709 278 1774 matutinis
301 1711 455 1789 operator
468 1705 560 1790 festo
582 1706 735 1786 lacerate,
771 1710 808 1772 de
835 1709 921 1774 cuius
949 1709 1008 1774 loci
1031 1728 1160 1776 enarra.

108 1817 185 1882 dene
208 1816 247 1881 ob
269 1816 370 1880 minus
392 1819 585 1898 perspectum
607 1815 859 1898 huncverborum
873 1816 1148 1884 distribuendorum

109 1943 192 1990 usum
214 1924 298 1989 varie
321 1923 501 2006 disputatur.
545 1924 581 1986 In
608 1925 787 1988 ‘accusativo
815 1943 886 1988 curn
911 1924 1062 1989 infinitivo
1083 1927 1148 1990 haec

111 2031 286 2098 substantivi
315 2031 454 2114 trajectio
484 2031 563 2113 apud
583 2031 762 2095 iuvenalem
796 2048 856 2095 non
888 2031 1043 2113 reperitur.
1091 2032 1149 2097 Ubi

112 2139 254 2205 vertentia
264 2137 441 2203 secundaria
451 2138 603 2220 primariae
616 2138 784 2221 subjicitur,
803 2137 974 2224 subjectum
989 2140 1146 2221 utriusque

114 2246 261 2311 ententiae
283 2264 451 2322 commune,
473 2244 499 2309 si
521 2244 604 2308 nullo
627 2245 776 2328 adjectivo
791 2245 903 2310 certius
917 2246 1075 2311 definitum
1089 2251 1145 2326 est,

115 2400 117 2416 .
150 2355 302 2420 sententia
334 2353 478 2437 primaria
510 2353 548 2417 ad
579 2353 787 2417 secundariam
816 2352 920 2417 crebro
947 2353 1145 2421 transfertur:

115 2463 168 2534 ul,
182 2466 224 2530 62
247 2461 350 2527 Soter
371 2465 428 2535 cet,
451 2480 548 2544 poam
570 2459 650 2525 dicit
670 2459 835 2525 Horatios
856 2459 972 2525 eatae!
1003 2462 1068 2537 XV,
1085 2467 1142 2529 l'il

116 2570 191 2654 jota
222 2569 340 2634 diceret
373 2588 447 2650 erpo
476 2567 532 2633 Vel
561 2588 621 2652 qao
649 2588 715 2633 eoo
736 2567 877 2652 saperet,
906 2569 937 2631 se‘
965 2587 1052 2634 oenc
1079 2568 1145 2634 toee

118 2682 246 2743 eooetrc
267 2676 389 2741 uideret
410 2675 619 2759 Pythoporos
642 2677 713 2758 (quo
734 2677 801 2740 lece
822 2679 890 2758 post
911 2675 1032 2741 uideret
1053 2677 1144 2760 vulgo

118 2785 254 2869 veiditur)
288 2784 341 2850 cfr.
367 2785 417 2862 VI,
447 2775 596 2861 175-178,
631 2783 682 2863 IV,
707 2787 756 2857 tl,
790 2785 842 2848 sed
876 2784 928 2847 ubi
960 2785 1144 2866 adjectivum

119 2894 235 2977 ubjeete
257 2893 400 2965 adhaeret,
424 2909 574 2972 nusquam
596 2892 675 2973 apud
697 2890 879 2956 iuvenalem
901 2896 1019 2974 (neque,
1043 2910 1143 2973 quan·

120 3022 165 3067 un
177 3000 313 3081 memini,
336 3001 415 3082 apud
426 2999 585 3065 Horatium
600 3002 631 3063 et
643 2998 827 3082 Virgilium),
844 2999 922 3080 quod
935 2997 966 3062 in
983 2998 1144 3063 sententiis

121 3109 269 3193 >puletive
287 3107 335 3172 vel
358 3108 423 3172 sine
446 3107 687 3191 eopudojunctis
703 3107 844 3190 frequens
867 3125 932 3171 esse
954 3125 1044 3188 supra
1065 3105 1144 3170 vidi-
1243 3162 1246 3165 ,

122 3238 176 3294 rus,
200 3215 386 3300 adjectivum
407 3215 439 3279 in
460 3216 557 3280 altera
579 3215 739 3292 sententie,
762 3213 987 3279 substantivum
1000 3212 1144 3278 innitere

122 3327 232 3390 >situm
254 3323 416 3400 invenitur,
450 3341 554 3387 verum
584 3325 617 3386 et
638 3322 809 3404 subjectum
830 3324 862 3386 et
883 3321 1064 3404 adjectivum
1088 3321 1141 3385 ad-

123 3452 215 3497 erens
244 3431 276 3495 in
305 3429 456 3494 sententia
485 3430 836 3496 secunderiainterdum
857 3429 995 3511 ponitur:
1029 3429 1066 3504 X,
1079 3431 1142 3497 289

124 3541 254 3606 'ermom
276 3541 367 3618 optet
388 3536 509 3602 modico
528 3539 652 3618 pueris,
675 3538 799 3601 maiore
818 3535 944 3617 puellis
965 3556 1139 3615 marmore,
1203 3623 1204 3628 ἵ

124 3669 194 3714 vom
222 3645 354 3711 Veneris
379 3645 502 3727 fenore
533 3645 619 3711 ridet
651 3647 756 3710 conta
784 3648 889 3709 mater
919 3657 990 3727 (quo
1011 3644 1079 3709 loco
1103 3646 1141 3710 ab

125 3757 234 3822 onibus
255 3754 398 3819 inciditur
419 3759 490 3819 ante
512 3756 636 3833 oeric).
680 3755 752 3819 Jem
786 3753 868 3817 uliud
897 3751 1140 3834 transpositionis

125 3884 191 3929 enus
212 3861 353 3928 occurrit.
388 3860 617 3926 Substantivum
639 3862 730 3942 enim,
754 3863 832 3944 quod
855 3859 1040 3925 sententiam
1062 3859 1140 3924 rele·
1182 3846 1185 3852 ¹

126 3991 191 4038 vam
212 3970 380 4061 const‘tuit,
415 3970 508 4035 etiam
534 3970 587 4034 ubi
616 3969 766 4034 sententia
794 3968 921 4033 relative
949 3968 1138 4031 demonstra·

126 4101 187 4148 vam
210 4080 259 4144 vel
288 4096 449 4160 pronomen
484 4077 757 4142 demonstrativum
793 4076 945 4161 sequitur,
975 4073 1083 4139 eretum
1114 4073 1151 4137 ei
