<?xml version="1.0" encoding="UTF-8"?>
<!DOCTYPE html PUBLIC "-//W3C//DTD XHTML 1.0 Transitional//EN"
    "http://www.w3.org/TR/xhtml1/DTD/xhtml1-transitional.dtd">
<html xmlns="http://www.w3.org/1999/xhtml" xml:lang="en" lang="en">
 <head>
  <title>
</title>
<meta http-equiv="Content-Type" content="text/html;charset=utf-8" />
  <meta name='ocr-system' content='tesseract 3.04.00' />
  <meta name='ocr-capabilities' content='ocr_page ocr_carea ocr_par ocr_line ocrx_word'/>
</head>
<body>
  <div class='ocr_page' id='page_1' title='image "./sermonemdjuniij00kiaegoog_0089.png"; bbox 0 0 2566 4404; ppageno 0'>
   <div class='ocr_carea' id='block_1_1' title="bbox 109 185 850 252">
    <p class='ocr_par' dir='ltr' id='par_1_1' title="bbox 109 185 850 252">
     <span class='ocr_line' id='line_1_1' title="bbox 109 185 850 252; baseline 0 -12"><span class='ocrx_word' id='word_1_1' title='bbox 109 187 149 248; x_wconf 77' lang='grc'><strong>76</strong></span> <span class='ocrx_word' id='word_1_2' title='bbox 434 185 477 238; x_wconf 88' lang='lat' dir='ltr'><strong>De</strong></span> <span class='ocrx_word' id='word_1_3' title='bbox 496 185 645 252; x_wconf 77' lang='lat' dir='ltr'><strong>particulis</strong></span> <span class='ocrx_word' id='word_1_4' title='bbox 664 199 717 252; x_wconf 88' lang='lat' dir='ltr'><strong>cop</strong></span> <span class='ocrx_word' id='word_1_5' title='bbox 725 185 850 240; x_wconf 81' lang='lat' dir='ltr'><strong>ulativis.</strong></span> 
     </span>
    </p>
   </div>
   <div class='ocr_carea' id='block_1_2' title="bbox 109 386 1136 574">
    <p class='ocr_par' dir='ltr' id='par_1_2' title="bbox 109 386 1136 574">
     <span class='ocr_line' id='line_1_2' title="bbox 109 386 1136 469; baseline 0.003 -19"><span class='ocrx_word' id='word_1_6' title='bbox 109 386 217 450; x_wconf 92' lang='lat' dir='ltr'><strong>borum</strong></span> <span class='ocrx_word' id='word_1_7' title='bbox 239 387 330 467; x_wconf 89' lang='lat' dir='ltr'><strong>atque</strong></span> <span class='ocrx_word' id='word_1_8' title='bbox 353 387 554 468; x_wconf 86' lang='lat' dir='ltr'><strong>Tentyrorum</strong></span> <span class='ocrx_word' id='word_1_9' title='bbox 579 388 742 453; x_wconf 89' lang='lat' dir='ltr'><strong>commissa</strong></span> <span class='ocrx_word' id='word_1_10' title='bbox 764 388 956 469; x_wconf 73' lang='lat' dir='ltr'>describitur,</span> <span class='ocrx_word' id='word_1_11' title='bbox 977 409 996 455; x_wconf 93' lang='lat' dir='ltr'><strong>a</strong></span> <span class='ocrx_word' id='word_1_12' title='bbox 1016 411 1042 454; x_wconf 89' lang='lat' dir='ltr'><strong>v.</strong></span> <span class='ocrx_word' id='word_1_13' title='bbox 1063 389 1136 457; x_wconf 77' lang='lat' dir='ltr'><strong>acii</strong></span> 
     </span>
     <span class='ocr_line' id='line_1_3' title="bbox 109 491 396 574; baseline -0.003 -18"><span class='ocrx_word' id='word_1_14' title='bbox 109 510 214 557; x_wconf 86' lang='lat' dir='ltr'><strong>versus</strong></span> <span class='ocrx_word' id='word_1_15' title='bbox 235 491 396 574; x_wconf 86' lang='lat' dir='ltr'><strong>leguntur:</strong></span> 
     </span>
    </p>
   </div>
   <div class='ocr_carea' id='block_1_3' title="bbox 195 644 1068 944">
    <p class='ocr_par' dir='ltr' id='par_1_3' title="bbox 195 644 1068 944">
     <span class='ocr_line' id='line_1_4' title="bbox 195 644 974 729; baseline 0.005 -21"><span class='ocrx_word' id='word_1_16' title='bbox 195 644 369 726; x_wconf 74' lang='lat' dir='ltr'><strong>‚lepieeree</strong></span> <span class='ocrx_word' id='word_1_17' title='bbox 385 644 460 724; x_wconf 80' lang='lat' dir='ltr'><strong>jora</strong></span> <span class='ocrx_word' id='word_1_18' title='bbox 483 648 600 709; x_wconf 83' lang='lat' dir='ltr'><strong>coacto</strong></span> <span class='ocrx_word' id='word_1_19' title='bbox 615 665 680 726; x_wconf 77' lang='lat' dir='ltr'><strong>per</strong></span> <span class='ocrx_word' id='word_1_20' title='bbox 701 647 839 729; x_wconf 69' lang='lat' dir='ltr'><strong>cymino</strong></span> <span class='ocrx_word' id='word_1_21' title='bbox 861 646 974 713; x_wconf 80' lang='lat' dir='ltr'><strong>aulius</strong></span> 
     </span>
     <span class='ocr_line' id='line_1_5' title="bbox 197 749 949 836; baseline 0.005 -22"><span class='ocrx_word' id='word_1_22' title='bbox 197 750 373 827; x_wconf 75' lang='lat' dir='ltr'><em>Dimidios,</em></span> <span class='ocrx_word' id='word_1_23' title='bbox 398 749 487 815; x_wconf 85' lang='grc'><strong>11111</strong></span> <span class='ocrx_word' id='word_1_24' title='bbox 501 751 610 834; x_wconf 78' lang='lat' dir='ltr'><strong>socies</strong></span> <span class='ocrx_word' id='word_1_25' title='bbox 632 757 662 817; x_wconf 87' lang='lat' dir='ltr'><strong>et</strong></span> <span class='ocrx_word' id='word_1_26' title='bbox 685 753 818 834; x_wconf 84' lang='lat' dir='ltr'><strong>bicatiu</strong></span> <span class='ocrx_word' id='word_1_27' title='bbox 837 755 949 836; x_wconf 78' lang='lat' dir='ltr'><strong>raptis</strong></span> 
     </span>
     <span class='ocr_line' id='line_1_6' title="bbox 200 857 1068 944; baseline -0.003 -21"><span class='ocrx_word' id='word_1_28' title='bbox 200 857 284 923; x_wconf 82' lang='grc'><strong>0111</strong></span> <span class='ocrx_word' id='word_1_29' title='bbox 304 859 407 939; x_wconf 75' lang='lat' dir='ltr'><strong>penio,</strong></span> <span class='ocrx_word' id='word_1_30' title='bbox 424 857 544 939; x_wconf 77' lang='lat' dir='ltr'><strong>plenos</strong></span> <span class='ocrx_word' id='word_1_31' title='bbox 565 859 732 924; x_wconf 80' lang='lat' dir='ltr'><strong>oculorum</strong></span> <span class='ocrx_word' id='word_1_32' title='bbox 753 862 914 943; x_wconf 72' lang='lat' dir='ltr'><strong>aoapoioe</strong></span> <span class='ocrx_word' id='word_1_33' title='bbox 928 881 1068 944; x_wconf 76' lang='lat' dir='ltr'><strong>popone.</strong></span> 
     </span>
    </p>
   </div>
   <div class='ocr_carea' id='block_1_4' title="bbox 111 1028 903 1117">
    <p class='ocr_par' dir='ltr' id='par_1_4' title="bbox 111 1028 903 1117">
     <span class='ocr_line' id='line_1_7' title="bbox 111 1028 903 1117; baseline 0.001 -26"><span class='ocrx_word' id='word_1_34' title='bbox 111 1028 142 1091; x_wconf 93' lang='lat' dir='ltr'><strong>in</strong></span> <span class='ocrx_word' id='word_1_35' title='bbox 166 1029 274 1092; x_wconf 90' lang='lat' dir='ltr'><strong>eadem</strong></span> <span class='ocrx_word' id='word_1_36' title='bbox 297 1029 393 1092; x_wconf 88' lang='lat' dir='ltr'><strong>satira</strong></span> <span class='ocrx_word' id='word_1_37' title='bbox 415 1045 433 1091; x_wconf 90' lang='lat' dir='ltr'><strong>a</strong></span> <span class='ocrx_word' id='word_1_38' title='bbox 455 1049 481 1092; x_wconf 85' lang='lat' dir='ltr'><strong>v.</strong></span> <span class='ocrx_word' id='word_1_39' title='bbox 510 1031 569 1094; x_wconf 82' lang='grc'><strong>152</strong></span> <span class='ocrx_word' id='word_1_40' title='bbox 592 1030 658 1092; x_wconf 82' lang='lat' dir='ltr'><strong>haec</strong></span> <span class='ocrx_word' id='word_1_41' title='bbox 680 1029 793 1110; x_wconf 88' lang='lat' dir='ltr'><strong>scripta</strong></span> <span class='ocrx_word' id='word_1_42' title='bbox 815 1032 903 1117; x_wconf 86' lang='lat' dir='ltr'><strong>sunt:</strong></span> 
     </span>
    </p>
   </div>
   <div class='ocr_carea' id='block_1_5' title="bbox 197 1144 1099 1478">
    <p class='ocr_par' dir='ltr' id='par_1_5' title="bbox 197 1144 1099 1478">
     <span class='ocr_line' id='line_1_8' title="bbox 197 1144 1083 1262; baseline 0.005 -21"><span class='ocrx_word' id='word_1_43' title='bbox 197 1176 376 1258; x_wconf 80' lang='lat' dir='ltr'><strong>Dispersos</strong></span> <span class='ocrx_word' id='word_1_44' title='bbox 399 1179 527 1243; x_wconf 84' lang='lat' dir='ltr'><strong>trabere</strong></span> <span class='ocrx_word' id='word_1_45' title='bbox 548 1180 585 1243; x_wconf 83' lang='lat' dir='ltr'><strong>io</strong></span> <span class='ocrx_word' id='word_1_46' title='bbox 601 1144 771 1261; x_wconf 77' lang='lat' dir='ltr'><strong>populum,</strong></span> <span class='ocrx_word' id='word_1_47' title='bbox 794 1181 1083 1262; x_wconf 71' lang='lat' dir='ltr'><strong>miprcre‘oetosto</strong></span> 
     </span>
     <span class='ocr_line' id='line_1_9' title="bbox 197 1284 1099 1368; baseline 0.004 -19"><span class='ocrx_word' id='word_1_48' title='bbox 197 1284 250 1350; x_wconf 88' lang='lat' dir='ltr'><strong>De</strong></span> <span class='ocrx_word' id='word_1_49' title='bbox 271 1306 399 1351; x_wconf 79' lang='lat' dir='ltr'><strong>nemore</strong></span> <span class='ocrx_word' id='word_1_50' title='bbox 421 1291 452 1351; x_wconf 91' lang='grc'><strong>11</strong></span> <span class='ocrx_word' id='word_1_51' title='bbox 466 1289 606 1368; x_wconf 80' lang='lat' dir='ltr'><strong>proavis</strong></span> <span class='ocrx_word' id='word_1_52' title='bbox 628 1287 796 1352; x_wconf 83' lang='lat' dir='ltr'><strong>bobiiotus</strong></span> <span class='ocrx_word' id='word_1_53' title='bbox 819 1287 967 1368; x_wconf 80' lang='lat' dir='ltr'><em>linquere</em></span> <span class='ocrx_word' id='word_1_54' title='bbox 989 1288 1099 1364; x_wconf 83' lang='grc'><strong>111111,</strong></span> 
     </span>
     <span class='ocr_line' id='line_1_10' title="bbox 198 1392 1090 1478; baseline 0 -22"><span class='ocrx_word' id='word_1_55' title='bbox 198 1392 383 1478; x_wconf 82' lang='lat' dir='ltr'><strong>AEdificore</strong></span> <span class='ocrx_word' id='word_1_56' title='bbox 405 1394 523 1469; x_wconf 84' lang='lat' dir='ltr'><strong>domos,</strong></span> <span class='ocrx_word' id='word_1_57' title='bbox 548 1394 675 1458; x_wconf 76' lang='lat' dir='ltr'><strong>luridos</strong></span> <span class='ocrx_word' id='word_1_58' title='bbox 697 1395 894 1476; x_wconf 75' lang='lat' dir='ltr'><strong>coojoopere</strong></span> <span class='ocrx_word' id='word_1_59' title='bbox 915 1397 1041 1460; x_wconf 81' lang='lat' dir='ltr'><strong>nostris</strong></span> <span class='ocrx_word' id='word_1_60' title='bbox 1065 1444 1090 1457; x_wconf 90' lang='lat'><strong>..</strong></span> 
     </span>
    </p>
   </div>
   <div class='ocr_carea' id='block_1_6' title="bbox 114 1561 1026 1645">
    <p class='ocr_par' dir='ltr' id='par_1_6' title="bbox 114 1561 1026 1645">
     <span class='ocr_line' id='line_1_11' title="bbox 114 1561 1026 1645; baseline 0.004 -21"><span class='ocrx_word' id='word_1_61' title='bbox 114 1561 146 1624; x_wconf 90' lang='lat' dir='ltr'><strong>in</strong></span> <span class='ocrx_word' id='word_1_62' title='bbox 168 1562 263 1625; x_wconf 87' lang='lat' dir='ltr'><strong>satira</strong></span> <span class='ocrx_word' id='word_1_63' title='bbox 285 1562 413 1644; x_wconf 88' lang='lat' dir='ltr'><strong>denique</strong></span> <span class='ocrx_word' id='word_1_64' title='bbox 436 1564 528 1627; x_wconf 85' lang='lat' dir='ltr'><strong>tertia</strong></span> <span class='ocrx_word' id='word_1_65' title='bbox 549 1581 567 1626; x_wconf 86' lang='lat' dir='ltr'><strong>a</strong></span> <span class='ocrx_word' id='word_1_66' title='bbox 589 1584 616 1627; x_wconf 89' lang='lat' dir='ltr'><strong>v.</strong></span> <span class='ocrx_word' id='word_1_67' title='bbox 643 1568 702 1629; x_wconf 88' lang='lat'><strong>110</strong></span> <span class='ocrx_word' id='word_1_68' title='bbox 724 1565 769 1628; x_wconf 90' lang='lat' dir='ltr'><strong>sic</strong></span> <span class='ocrx_word' id='word_1_69' title='bbox 791 1565 939 1645; x_wconf 86' lang='lat' dir='ltr'><strong>scripturn</strong></span> <span class='ocrx_word' id='word_1_70' title='bbox 962 1569 1026 1630; x_wconf 88' lang='lat' dir='ltr'><strong>est:</strong></span> 
     </span>
    </p>
   </div>
   <div class='ocr_carea' id='block_1_7' title="bbox 132 1713 1096 1907">
    <p class='ocr_par' dir='ltr' id='par_1_7' title="bbox 132 1713 1096 1907">
     <span class='ocr_line' id='line_1_12' title="bbox 201 1713 1096 1800; baseline 0.003 -23"><span class='ocrx_word' id='word_1_71' title='bbox 201 1713 278 1778; x_wconf 83' lang='lat' dir='ltr'><strong>Nea</strong></span> <span class='ocrx_word' id='word_1_72' title='bbox 301 1713 570 1791; x_wconf 67' lang='lat' dir='ltr'><strong>matronalem,</strong></span> <span class='ocrx_word' id='word_1_73' title='bbox 593 1735 659 1779; x_wconf 81' lang='lat' dir='ltr'><strong>auo</strong></span> <span class='ocrx_word' id='word_1_74' title='bbox 673 1715 752 1800; x_wconf 79' lang='lat' dir='ltr'><strong>filia</strong></span> <span class='ocrx_word' id='word_1_75' title='bbox 774 1717 877 1799; x_wconf 77' lang='lat' dir='ltr'><strong>oirpo,</strong></span> <span class='ocrx_word' id='word_1_76' title='bbox 900 1737 1005 1799; x_wconf 80' lang='lat' dir='ltr'><strong>aeque</strong></span> <span class='ocrx_word' id='word_1_77' title='bbox 1027 1719 1096 1799; x_wconf 69' lang='lat' dir='ltr'><strong>ipse</strong></span> 
     </span>
     <span class='ocr_line' id='line_1_13' title="bbox 132 1821 1070 1907; baseline 0.005 -23"><span class='ocrx_word' id='word_1_78' title='bbox 132 1842 135 1849; x_wconf 91' lang='lat'>·</span> <span class='ocrx_word' id='word_1_79' title='bbox 160 1845 164 1853; x_wconf 59' lang='lat'><strong><em>⁴</em></strong></span> <span class='ocrx_word' id='word_1_80' title='bbox 201 1821 350 1900; x_wconf 72' lang='lat' dir='ltr'><strong>sponsos</strong></span> <span class='ocrx_word' id='word_1_81' title='bbox 373 1822 678 1898; x_wconf 71' lang='lat' dir='ltr'><strong>immodicarum</strong></span> <span class='ocrx_word' id='word_1_82' title='bbox 692 1822 789 1907; x_wconf 79' lang='lat' dir='ltr'><strong>filias</strong></span> <span class='ocrx_word' id='word_1_83' title='bbox 811 1828 888 1888; x_wconf 83' lang='lat' dir='ltr'><strong>onte</strong></span> <span class='ocrx_word' id='word_1_84' title='bbox 903 1825 1070 1905; x_wconf 78' lang='lat' dir='ltr'><strong>padicos;</strong></span> 
     </span>
    </p>
   </div>
   <div class='ocr_carea' id='block_1_8' title="bbox 31 1980 1163 4108">
    <p class='ocr_par' dir='ltr' id='par_1_8' title="bbox 31 1980 1163 4108">
     <span class='ocr_line' id='line_1_14' title="bbox 118 1980 1154 2075; baseline 0.002 -24"><span class='ocrx_word' id='word_1_85' title='bbox 118 1988 304 2053; x_wconf 90' lang='lat' dir='ltr'><strong>Ultimorum</strong></span> <span class='ocrx_word' id='word_1_86' title='bbox 327 1990 464 2057; x_wconf 90' lang='lat' dir='ltr'><strong>locorum</strong></span> <span class='ocrx_word' id='word_1_87' title='bbox 486 1980 564 2057; x_wconf 83' lang='lat' dir='ltr'><strong>ratio</strong></span> <span class='ocrx_word' id='word_1_88' title='bbox 586 1992 744 2074; x_wconf 90' lang='lat' dir='ltr'><strong>perspicua</strong></span> <span class='ocrx_word' id='word_1_89' title='bbox 758 1993 915 2070; x_wconf 71' lang='lat' dir='ltr'><strong>cerussa:</strong></span> <span class='ocrx_word' id='word_1_90' title='bbox 938 1995 1067 2075; x_wconf 90' lang='lat' dir='ltr'><strong>utroque</strong></span> <span class='ocrx_word' id='word_1_91' title='bbox 1084 1991 1154 2055; x_wconf 92' lang='lat' dir='ltr'><strong>enin</strong></span> 
     </span>
     <span class='ocr_line' id='line_1_15' title="bbox 116 2097 1156 2176; baseline 0.001 -17"><span class='ocrx_word' id='word_1_92' title='bbox 116 2098 204 2176; x_wconf 89' lang='lat' dir='ltr'><strong>poeta</strong></span> <span class='ocrx_word' id='word_1_93' title='bbox 238 2114 296 2159; x_wconf 91' lang='lat' dir='ltr'><strong>non</strong></span> <span class='ocrx_word' id='word_1_94' title='bbox 329 2099 393 2160; x_wconf 90' lang='lat' dir='ltr'><strong>tam</strong></span> <span class='ocrx_word' id='word_1_95' title='bbox 427 2115 536 2161; x_wconf 91' lang='lat' dir='ltr'><strong>novum</strong></span> <span class='ocrx_word' id='word_1_96' title='bbox 568 2099 739 2162; x_wconf 83' lang='lat' dir='ltr'><strong>membrum</strong></span> <span class='ocrx_word' id='word_1_97' title='bbox 768 2117 828 2162; x_wconf 87' lang='lat' dir='ltr'><strong>una</strong></span> <span class='ocrx_word' id='word_1_98' title='bbox 855 2099 933 2163; x_wconf 87' lang='lat' dir='ltr'><strong>serie</strong></span> <span class='ocrx_word' id='word_1_99' title='bbox 963 2120 1035 2164; x_wconf 91' lang='lat' dir='ltr'><strong>cum</strong></span> <span class='ocrx_word' id='word_1_100' title='bbox 1058 2097 1156 2164; x_wconf 88' lang='lat' dir='ltr'><strong>ceteris</strong></span> 
     </span>
     <span class='ocr_line' id='line_1_16' title="bbox 88 2186 1156 2288; baseline 0.003 -23"><span class='ocrx_word' id='word_1_101' title='bbox 88 2186 279 2283; x_wconf 45' lang='lat' dir='ltr'><strong>&#39;procedens</strong></span> <span class='ocrx_word' id='word_1_102' title='bbox 302 2204 447 2286; x_wconf 83' lang='lat' dir='ltr'><strong>adjunxit,</strong></span> <span class='ocrx_word' id='word_1_103' title='bbox 481 2223 571 2285; x_wconf 86' lang='lat' dir='ltr'><strong>quam</strong></span> <span class='ocrx_word' id='word_1_104' title='bbox 608 2205 785 2286; x_wconf 81' lang='lat' dir='ltr'><strong>particulam</strong></span> <span class='ocrx_word' id='word_1_105' title='bbox 817 2207 1087 2288; x_wconf 84' lang='lat' dir='ltr'><strong>ponenssimilem</strong></span> <span class='ocrx_word' id='word_1_106' title='bbox 1111 2225 1156 2269; x_wconf 91' lang='lat' dir='ltr'><strong>no·</strong></span> 
     </span>
     <span class='ocr_line' id='line_1_17' title="bbox 115 2310 1157 2395; baseline 0.003 -22"><span class='ocrx_word' id='word_1_107' title='bbox 115 2310 230 2374; x_wconf 84' lang='lat' dir='ltr'><strong>tionem</strong></span> <span class='ocrx_word' id='word_1_108' title='bbox 265 2311 381 2374; x_wconf 89' lang='lat' dir='ltr'><strong>notioni</strong></span> <span class='ocrx_word' id='word_1_109' title='bbox 415 2311 549 2392; x_wconf 86' lang='lat' dir='ltr'><strong>proxime</strong></span> <span class='ocrx_word' id='word_1_110' title='bbox 582 2314 762 2395; x_wconf 86' lang='lat' dir='ltr'><strong>praecedenti</strong></span> <span class='ocrx_word' id='word_1_111' title='bbox 797 2314 928 2390; x_wconf 81' lang='lat' dir='ltr'><strong>addidit,</strong></span> <span class='ocrx_word' id='word_1_112' title='bbox 969 2314 1157 2395; x_wconf 89' lang='lat' dir='ltr'><strong>quamobrem</strong></span> 
     </span>
     <span class='ocr_line' id='line_1_18' title="bbox 115 2418 1158 2504; baseline 0.003 -25"><span class='ocrx_word' id='word_1_113' title='bbox 115 2419 279 2498; x_wconf 85' lang='lat' dir='ltr'><strong>utrumque</strong></span> <span class='ocrx_word' id='word_1_114' title='bbox 313 2418 484 2481; x_wconf 83' lang='lat' dir='ltr'><strong>membrum</strong></span> <span class='ocrx_word' id='word_1_115' title='bbox 518 2419 667 2499; x_wconf 85' lang='lat' dir='ltr'><strong>particula</strong></span> <span class='ocrx_word' id='word_1_116' title='bbox 700 2420 870 2502; x_wconf 78' lang='lat' dir='ltr'><strong>cumulatim</strong></span> <span class='ocrx_word' id='word_1_117' title='bbox 902 2422 1100 2504; x_wconf 88' lang='lat' dir='ltr'><strong>conjunctum</strong></span> <span class='ocrx_word' id='word_1_118' title='bbox 1132 2419 1158 2482; x_wconf 92' lang='lat' dir='ltr'><strong>in</strong></span> 
     </span>
     <span class='ocr_line' id='line_1_19' title="bbox 115 2525 1159 2615; baseline 0.001 -27"><span class='ocrx_word' id='word_1_119' title='bbox 115 2525 319 2606; x_wconf 87' lang='lat' dir='ltr'><strong>membrorum</strong></span> <span class='ocrx_word' id='word_1_120' title='bbox 345 2525 421 2588; x_wconf 88' lang='lat' dir='ltr'><strong>serie</strong></span> <span class='ocrx_word' id='word_1_121' title='bbox 445 2525 534 2588; x_wconf 87' lang='lat' dir='ltr'><strong>unius</strong></span> <span class='ocrx_word' id='word_1_122' title='bbox 557 2526 685 2589; x_wconf 84' lang='lat' dir='ltr'><strong>membri</strong></span> <span class='ocrx_word' id='word_1_123' title='bbox 714 2528 777 2615; x_wconf 84' lang='lat' dir='ltr'><strong>vice</strong></span> <span class='ocrx_word' id='word_1_124' title='bbox 805 2527 952 2610; x_wconf 83' lang='lat' dir='ltr'><strong>fungitur,</strong></span> <span class='ocrx_word' id='word_1_125' title='bbox 988 2531 1021 2591; x_wconf 92' lang='lat' dir='ltr'><strong>et</strong></span> <span class='ocrx_word' id='word_1_126' title='bbox 1048 2543 1159 2590; x_wconf 88' lang='lat' dir='ltr'><strong>comma</strong></span> 
     </span>
     <span class='ocr_line' id='line_1_20' title="bbox 115 2631 1159 2713; baseline 0.003 -20"><span class='ocrx_word' id='word_1_127' title='bbox 115 2631 283 2695; x_wconf 87' lang='lat' dir='ltr'><strong>Hermanni</strong></span> <span class='ocrx_word' id='word_1_128' title='bbox 308 2635 375 2713; x_wconf 89' lang='lat' dir='ltr'><strong>post</strong></span> <span class='ocrx_word' id='word_1_129' title='bbox 396 2633 489 2713; x_wconf 76' lang='lat' dir='ltr'><strong>oirpo</strong></span> <span class='ocrx_word' id='word_1_130' title='bbox 512 2634 642 2712; x_wconf 89' lang='lat' dir='ltr'><strong>positum</strong></span> <span class='ocrx_word' id='word_1_131' title='bbox 666 2634 835 2697; x_wconf 89' lang='lat' dir='ltr'><strong>tollendum</strong></span> <span class='ocrx_word' id='word_1_132' title='bbox 866 2636 921 2698; x_wconf 90' lang='grc'><strong>111.</strong></span> <span class='ocrx_word' id='word_1_133' title='bbox 973 2634 1079 2697; x_wconf 89' lang='lat' dir='ltr'><strong>Primo</strong></span> <span class='ocrx_word' id='word_1_134' title='bbox 1101 2635 1159 2697; x_wconf 88' lang='lat' dir='ltr'><strong>loeo</strong></span> 
     </span>
     <span class='ocr_line' id='line_1_21' title="bbox 111 2738 1160 2821; baseline 0 -19"><span class='ocrx_word' id='word_1_135' title='bbox 111 2739 255 2821; x_wconf 86' lang='lat' dir='ltr'><strong>junctura</strong></span> <span class='ocrx_word' id='word_1_136' title='bbox 278 2739 491 2815; x_wconf 88' lang='lat' dir='ltr'><strong>membrorum,</strong></span> <span class='ocrx_word' id='word_1_137' title='bbox 525 2758 592 2821; x_wconf 89' lang='lat' dir='ltr'><strong>quae</strong></span> <span class='ocrx_word' id='word_1_138' title='bbox 620 2745 704 2804; x_wconf 91' lang='lat' dir='ltr'><strong>sunt:</strong></span> <span class='ocrx_word' id='word_1_139' title='bbox 743 2740 896 2804; x_wconf 80' lang='lat' dir='ltr'><strong>dimidios</strong></span> <span class='ocrx_word' id='word_1_140' title='bbox 923 2739 1045 2818; x_wconf 81' lang='lat' dir='ltr'><strong>cottas,</strong></span> <span class='ocrx_word' id='word_1_141' title='bbox 1079 2738 1160 2804; x_wconf 80' lang='lat' dir='ltr'><strong>otios</strong></span> 
     </span>
     <span class='ocr_line' id='line_1_22' title="bbox 31 2845 1159 2930; baseline -0.002 -20"><span class='ocrx_word' id='word_1_142' title='bbox 31 2884 34 2891; x_wconf 94' lang='lat'>·</span> <span class='ocrx_word' id='word_1_143' title='bbox 107 2845 217 2930; x_wconf 84' lang='lat' dir='ltr'><strong>socies</strong></span> <span class='ocrx_word' id='word_1_144' title='bbox 239 2850 270 2910; x_wconf 89' lang='lat' dir='ltr'><strong>et</strong></span> <span class='ocrx_word' id='word_1_145' title='bbox 292 2845 422 2909; x_wconf 85' lang='lat' dir='ltr'><strong>biooiio</strong></span> <span class='ocrx_word' id='word_1_146' title='bbox 444 2848 553 2926; x_wconf 77' lang='lat' dir='ltr'><strong>raptis</strong></span> <span class='ocrx_word' id='word_1_147' title='bbox 567 2845 651 2910; x_wconf 83' lang='grc'><strong>0111</strong></span> <span class='ocrx_word' id='word_1_148' title='bbox 661 2847 755 2928; x_wconf 76' lang='lat' dir='ltr'><strong>penis</strong></span> <span class='ocrx_word' id='word_1_149' title='bbox 767 2866 835 2911; x_wconf 91' lang='lat' dir='ltr'><strong>oum</strong></span> <span class='ocrx_word' id='word_1_150' title='bbox 848 2847 1007 2913; x_wconf 75' lang='lat' dir='ltr'><strong>iuvenalis</strong></span> <span class='ocrx_word' id='word_1_151' title='bbox 1024 2847 1159 2930; x_wconf 89' lang='lat' dir='ltr'><strong>loquendi</strong></span> 
     </span>
     <span class='ocr_line' id='line_1_23' title="bbox 115 2953 1161 3038; baseline -0.002 -19"><span class='ocrx_word' id='word_1_152' title='bbox 115 2973 173 3019; x_wconf 87' lang='lat' dir='ltr'><strong>usu</strong></span> <span class='ocrx_word' id='word_1_153' title='bbox 190 2954 305 3035; x_wconf 91' lang='lat' dir='ltr'><strong>optime</strong></span> <span class='ocrx_word' id='word_1_154' title='bbox 324 2954 465 3037; x_wconf 89' lang='lat' dir='ltr'><strong>congruit</strong></span> <span class='ocrx_word' id='word_1_155' title='bbox 476 2954 670 3029; x_wconf 78' lang='lat' dir='ltr'><strong>(iuvenalem</strong></span> <span class='ocrx_word' id='word_1_156' title='bbox 693 2954 783 3031; x_wconf 87' lang='lat' dir='ltr'><strong>enim,</strong></span> <span class='ocrx_word' id='word_1_157' title='bbox 806 2953 858 3018; x_wconf 93' lang='lat' dir='ltr'><strong>ubi</strong></span> <span class='ocrx_word' id='word_1_158' title='bbox 881 2955 1017 3020; x_wconf 88' lang='lat' dir='ltr'><strong>membra</strong></span> <span class='ocrx_word' id='word_1_159' title='bbox 1040 2955 1161 3038; x_wconf 86' lang='lat' dir='ltr'><strong>aequalia</strong></span> 
     </span>
     <span class='ocr_line' id='line_1_24' title="bbox 116 3061 1160 3146; baseline -0.002 -19"><span class='ocrx_word' id='word_1_160' title='bbox 116 3063 188 3138; x_wconf 87' lang='lat' dir='ltr'><strong>sint,</strong></span> <span class='ocrx_word' id='word_1_161' title='bbox 217 3061 334 3125; x_wconf 91' lang='lat' dir='ltr'><strong>duobus</strong></span> <span class='ocrx_word' id='word_1_162' title='bbox 362 3061 518 3125; x_wconf 83' lang='lat' dir='ltr'><strong>dissolutis</strong></span> <span class='ocrx_word' id='word_1_163' title='bbox 545 3061 689 3125; x_wconf 87' lang='lat' dir='ltr'><strong>ultimum</strong></span> <span class='ocrx_word' id='word_1_164' title='bbox 710 3062 858 3142; x_wconf 89' lang='lat' dir='ltr'><strong>particula</strong></span> <span class='ocrx_word' id='word_1_165' title='bbox 881 3066 912 3126; x_wconf 90' lang='grc'><strong>11</strong></span> <span class='ocrx_word' id='word_1_166' title='bbox 933 3062 1039 3127; x_wconf 86' lang='lat' dir='ltr'><strong>crebro</strong></span> <span class='ocrx_word' id='word_1_167' title='bbox 1060 3064 1160 3146; x_wconf 85' lang='lat' dir='ltr'><strong>adjun-</strong></span> 
     </span>
     <span class='ocr_line' id='line_1_25' title="bbox 116 3167 1161 3251; baseline 0 -19"><span class='ocrx_word' id='word_1_168' title='bbox 116 3188 188 3251; x_wconf 85' lang='lat' dir='ltr'><strong>gere</strong></span> <span class='ocrx_word' id='word_1_169' title='bbox 206 3173 271 3251; x_wconf 85' lang='lat' dir='ltr'><strong>J&#39;am</strong></span> <span class='ocrx_word' id='word_1_170' title='bbox 295 3167 448 3248; x_wconf 75' lang='lat' dir='ltr'><strong>diximus),</strong></span> <span class='ocrx_word' id='word_1_171' title='bbox 483 3171 514 3232; x_wconf 93' lang='lat' dir='ltr'><strong>et</strong></span> <span class='ocrx_word' id='word_1_172' title='bbox 546 3172 635 3250; x_wconf 89' lang='lat' dir='ltr'><strong>poeta</strong></span> <span class='ocrx_word' id='word_1_173' title='bbox 668 3168 837 3250; x_wconf 83' lang='lat' dir='ltr'><strong>complexui</strong></span> <span class='ocrx_word' id='word_1_174' title='bbox 867 3170 937 3232; x_wconf 89' lang='lat' dir='ltr'><strong>huic</strong></span> <span class='ocrx_word' id='word_1_175' title='bbox 959 3170 1161 3234; x_wconf 86' lang='lat' dir='ltr'><strong>membrorum</strong></span> 
     </span>
     <span class='ocr_line' id='line_1_26' title="bbox 114 3275 1161 3357; baseline -0.001 -18"><span class='ocrx_word' id='word_1_176' title='bbox 114 3277 146 3339; x_wconf 92' lang='lat' dir='ltr'><strong>in</strong></span> <span class='ocrx_word' id='word_1_177' title='bbox 180 3276 317 3339; x_wconf 90' lang='lat' dir='ltr'><strong>eiusdem</strong></span> <span class='ocrx_word' id='word_1_178' title='bbox 346 3275 478 3356; x_wconf 88' lang='lat' dir='ltr'><strong>corporis</strong></span> <span class='ocrx_word' id='word_1_179' title='bbox 500 3276 596 3357; x_wconf 84' lang='lat' dir='ltr'><strong>partis</strong></span> <span class='ocrx_word' id='word_1_180' title='bbox 619 3275 731 3349; x_wconf 84' lang='lat' dir='ltr'><strong>(faciei)</strong></span> <span class='ocrx_word' id='word_1_181' title='bbox 754 3276 955 3357; x_wconf 80' lang='lat' dir='ltr'><strong>descriptione</strong></span> <span class='ocrx_word' id='word_1_182' title='bbox 978 3278 1161 3341; x_wconf 83' lang='lat' dir='ltr'><strong>versantium</strong></span> 
     </span>
     <span class='ocr_line' id='line_1_27' title="bbox 115 3381 1161 3466; baseline -0.001 -19"><span class='ocrx_word' id='word_1_183' title='bbox 115 3401 227 3447; x_wconf 90' lang='lat' dir='ltr'><strong>novum</strong></span> <span class='ocrx_word' id='word_1_184' title='bbox 249 3382 420 3446; x_wconf 90' lang='lat' dir='ltr'><strong>membrum</strong></span> <span class='ocrx_word' id='word_1_185' title='bbox 435 3382 532 3465; x_wconf 84' lang='lat' dir='ltr'><strong>aliam</strong></span> <span class='ocrx_word' id='word_1_186' title='bbox 556 3385 674 3465; x_wconf 85' lang='lat' dir='ltr'><strong>partem</strong></span> <span class='ocrx_word' id='word_1_187' title='bbox 693 3381 865 3446; x_wconf 84' lang='lat' dir='ltr'><strong>describens</strong></span> <span class='ocrx_word' id='word_1_188' title='bbox 878 3382 942 3446; x_wconf 91' lang='lat' dir='ltr'><strong>sine</strong></span> <span class='ocrx_word' id='word_1_189' title='bbox 955 3383 1161 3466; x_wconf 82' lang='lat' dir='ltr'><strong>eerrjunctione</strong></span> 
     </span>
     <span class='ocr_line' id='line_1_28' title="bbox 116 3486 437 3572; baseline -0.006 -18"><span class='ocrx_word' id='word_1_190' title='bbox 116 3489 286 3572; x_wconf 77' lang='lat' dir='ltr'><strong>adjunxisse</strong></span> <span class='ocrx_word' id='word_1_191' title='bbox 310 3486 437 3553; x_wconf 81' lang='lat' dir='ltr'><strong>iidetur.</strong></span> 
     </span>
     <span class='ocr_line' id='line_1_29' title="bbox 202 3594 1162 3678; baseline 0.003 -18.802"><span class='ocrx_word' id='word_1_192' title='bbox 202 3597 270 3660; x_wconf 86' lang='lat' dir='ltr'><strong>Duo</strong></span> <span class='ocrx_word' id='word_1_193' title='bbox 293 3596 463 3678; x_wconf 85' lang='lat' dir='ltr'><strong>imperativi</strong></span> <span class='ocrx_word' id='word_1_194' title='bbox 487 3597 566 3676; x_wconf 90' lang='lat' dir='ltr'><strong>apud</strong></span> <span class='ocrx_word' id='word_1_195' title='bbox 588 3594 767 3659; x_wconf 87' lang='lat' dir='ltr'><strong>Juvenalem</strong></span> <span class='ocrx_word' id='word_1_196' title='bbox 788 3599 835 3668; x_wconf 77' lang='lat' dir='ltr'><strong>&lt;ut</strong></span> <span class='ocrx_word' id='word_1_197' title='bbox 857 3596 936 3678; x_wconf 89' lang='lat' dir='ltr'><strong>apud</strong></span> <span class='ocrx_word' id='word_1_198' title='bbox 948 3597 1121 3662; x_wconf 82' lang='lat' dir='ltr'><strong>Horatium</strong></span> <span class='ocrx_word' id='word_1_199' title='bbox 1133 3601 1162 3661; x_wconf 87' lang='lat' dir='ltr'><strong>et</strong></span> 
     </span>
     <span class='ocr_line' id='line_1_30' title="bbox 116 3699 1161 3786; baseline 0 -19"><span class='ocrx_word' id='word_1_200' title='bbox 116 3702 271 3784; x_wconf 84' lang='lat' dir='ltr'><strong>Persium)</strong></span> <span class='ocrx_word' id='word_1_201' title='bbox 294 3699 415 3784; x_wconf 81' lang='lat' dir='ltr'><strong>perraro</strong></span> <span class='ocrx_word' id='word_1_202' title='bbox 437 3702 502 3766; x_wconf 92' lang='lat' dir='ltr'><strong>siue</strong></span> <span class='ocrx_word' id='word_1_203' title='bbox 525 3702 632 3783; x_wconf 88' lang='lat' dir='ltr'><strong>copula</strong></span> <span class='ocrx_word' id='word_1_204' title='bbox 650 3701 822 3786; x_wconf 84' lang='lat' dir='ltr'><strong>junguntur</strong></span> <span class='ocrx_word' id='word_1_205' title='bbox 836 3702 886 3783; x_wconf 81' lang='lat' dir='ltr'><strong>(X,</strong></span> <span class='ocrx_word' id='word_1_206' title='bbox 900 3708 954 3783; x_wconf 75' lang='lat'><strong>65&gt;</strong></span> <span class='ocrx_word' id='word_1_207' title='bbox 969 3704 1073 3785; x_wconf 88' lang='lat' dir='ltr'><strong>plures</strong></span> <span class='ocrx_word' id='word_1_208' title='bbox 1096 3723 1161 3770; x_wconf 88' lang='lat' dir='ltr'><strong>vero</strong></span> 
     </span>
     <span class='ocr_line' id='line_1_31' title="bbox 116 3809 1162 3896; baseline 0.004 -21"><span class='ocrx_word' id='word_1_209' title='bbox 116 3812 179 3882; x_wconf 85' lang='lat' dir='ltr'><strong>sere</strong></span> <span class='ocrx_word' id='word_1_210' title='bbox 199 3828 317 3892; x_wconf 87' lang='lat' dir='ltr'><strong>semper</strong></span> <span class='ocrx_word' id='word_1_211' title='bbox 332 3809 412 3890; x_wconf 90' lang='lat' dir='ltr'><strong>(raro</strong></span> <span class='ocrx_word' id='word_1_212' title='bbox 433 3809 562 3896; x_wconf 84' lang='lat' dir='ltr'><strong>ultimus</strong></span> <span class='ocrx_word' id='word_1_213' title='bbox 584 3812 661 3890; x_wconf 87' lang='lat' dir='ltr'><strong>part.</strong></span> <span class='ocrx_word' id='word_1_214' title='bbox 685 3813 744 3873; x_wconf 83' lang='lat' dir='ltr'><strong>eui</strong></span> <span class='ocrx_word' id='word_1_215' title='bbox 765 3814 795 3874; x_wconf 91' lang='grc'><strong>11</strong></span> <span class='ocrx_word' id='word_1_216' title='bbox 818 3811 961 3874; x_wconf 89' lang='lat' dir='ltr'><strong>vincitur:</strong></span> <span class='ocrx_word' id='word_1_217' title='bbox 984 3812 1067 3887; x_wconf 84' lang='lat' dir='ltr'>XIV,</span> <span class='ocrx_word' id='word_1_218' title='bbox 1084 3815 1162 3892; x_wconf 77' lang='lat'>193),</span> 
     </span>
     <span class='ocr_line' id='line_1_32' title="bbox 117 3916 1163 4000; baseline -0.001 -18"><span class='ocrx_word' id='word_1_219' title='bbox 117 3917 348 4000; x_wconf 83' lang='lat' dir='ltr'><strong>etimperativo,</strong></span> <span class='ocrx_word' id='word_1_220' title='bbox 372 3917 426 3997; x_wconf 57' lang='lat' dir='ltr'><strong>qui⁸</strong></span> <span class='ocrx_word' id='word_1_221' title='bbox 445 3919 493 3979; x_wconf 83' lang='lat' dir='ltr'><strong>est</strong></span> <span class='ocrx_word' id='word_1_222' title='bbox 514 3917 539 3989; x_wconf 85' lang='lat' dir='ltr'><strong>i,&#39;</strong></span> <span class='ocrx_word' id='word_1_223' title='bbox 559 3936 628 3980; x_wconf 91' lang='lat' dir='ltr'><strong>cum</strong></span> <span class='ocrx_word' id='word_1_224' title='bbox 651 3916 789 3982; x_wconf 83' lang='lat' dir='ltr'><strong>irrisione</strong></span> <span class='ocrx_word' id='word_1_225' title='bbox 812 3919 942 3997; x_wconf 89' lang='lat' dir='ltr'><strong>quadam</strong></span> <span class='ocrx_word' id='word_1_226' title='bbox 965 3919 1065 4000; x_wconf 88' lang='lat' dir='ltr'><strong>posito</strong></span> <span class='ocrx_word' id='word_1_227' title='bbox 1088 3920 1163 3982; x_wconf 89' lang='lat' dir='ltr'><strong>alter</strong></span> 
     </span>
     <span class='ocr_line' id='line_1_33' title="bbox 115 4023 1162 4108; baseline 0 -19"><span class='ocrx_word' id='word_1_228' title='bbox 115 4023 315 4108; x_wconf 88' lang='lat' dir='ltr'><strong>imperativus</strong></span> <span class='ocrx_word' id='word_1_229' title='bbox 336 4023 483 4105; x_wconf 87' lang='lat' dir='ltr'><strong>particula</strong></span> <span class='ocrx_word' id='word_1_230' title='bbox 507 4023 669 4104; x_wconf 85' lang='lat' dir='ltr'><strong>elabique</strong></span> <span class='ocrx_word' id='word_1_231' title='bbox 692 4024 828 4088; x_wconf 85' lang='lat' dir='ltr'><strong>additur:</strong></span> <span class='ocrx_word' id='word_1_232' title='bbox 873 4025 926 4102; x_wconf 88' lang='lat' dir='ltr'><strong>Vl,</strong></span> <span class='ocrx_word' id='word_1_233' title='bbox 949 4029 1013 4093; x_wconf 83' lang='lat'><strong>306</strong></span> <span class='ocrx_word' id='word_1_234' title='bbox 1035 4025 1062 4088; x_wconf 94' lang='lat' dir='ltr'><em>I</em></span> <span class='ocrx_word' id='word_1_235' title='bbox 1078 4043 1162 4090; x_wconf 82' lang='lat' dir='ltr'><strong>onae</strong></span> 
     </span>
    </p>
   </div>
   <div class='ocr_carea' id='block_1_9' title="bbox 0 0 1295 4404">
    <p class='ocr_par' dir='ltr' id='par_1_9' title="bbox 0 0 1295 4404">
     <span class='ocr_line' id='line_1_34' title="bbox 0 0 1295 4404; baseline 0 0"><span class='ocrx_word' id='word_1_236' title='bbox 0 0 1295 4404; x_wconf 95' lang='lat' dir='ltr'><strong> </strong></span> 
     </span>
    </p>
   </div>
  </div>
 </body>
</html>
