2566 4404
289 207 295 216 ’
388 201 431 252 De
450 201 600 267 particulis
619 202 802 270 copulativis.
1044 270 1049 282 ¹
1087 208 1126 272 87

126 421 171 468 sse
195 403 323 467 videtur.
373 401 592 468 Hiatus'onim
617 410 777 486 quantum
797 407 844 488 iu,
878 423 1061 488 quamquem
1094 407 1126 470 111

126 515 163 574 ira
199 528 278 576 none
299 509 330 573 io
364 510 446 574 exitu
469 529 573 574 versus
599 516 658 578 118
681 517 749 577 tum
771 513 823 577 lu’s
845 519 926 590 (ante
949 512 981 591 ir)
1004 514 1126 596 legitur,

126 618 328 692 olentissimus
363 619 419 689 est,
458 622 489 681 et
510 618 670 684 Iuvenalis
703 621 792 685 modo
825 620 1006 714 in'beaesum
1033 622 1126 703 atque

126 725 200 788 rrius
224 744 328 788 versus
351 724 437 805 pedis
460 723 529 800 ersi,
552 724 605 788 illo
618 724 684 790 loeo
707 729 840 809 excepto,
862 727 960 790 hiatui
983 726 1120 791 indulsit.

126 833 153 894 ri
176 837 279 896 tamen
301 834 412 914 potest,
434 835 470 895 ut
491 837 589 913 poeta,
614 833 666 913 qui
678 832 794 898 Graeeis
807 834 911 897 formis
927 834 992 897 ine
1014 853 1125 898 exeun·

125 958 155 1002 us
179 939 283 1002 erebro
305 941 420 1015 utatur,
443 937 587 1019 Leucate
608 939 764 1021 scripserit
786 939 884 1023 (Virg.
902 943 979 1004 Aen.
992 941 1049 1015 ΠΙ,
1063 944 1125 1006 214

125 1048 244 1124 ueotoe;
266 1045 353 1121 VIII,
367 1049 427 1113 677
440 1044 627 1122 Leucaten),
651 1064 719 1127 quae
734 1046 937 1128 seripturain
954 1065 1012 1111 uiro
1023 1048 1124 1111 oodiee

125 1152 222 1231 eu'tm
244 1151 295 1232 (in
316 1150 480 1234 Leucate).
525 1153 572 1216 De
605 1151 704 1233 quinti
738 1171 843 1216 versus
873 1155 1004 1234 spondeo
1033 1154 1123 1218 metri

125 1258 222 1321 ionem
254 1261 420 1322 tructentes
447 1258 587 1323 diximus.
632 1258 739 1333 Verbo,
774 1258 863 1341 quale
897 1263 944 1323 est
976 1260 1122 1338 obstulit,

124 1365 225 1438 ativus
248 1365 313 1429 sine
335 1365 547 1447 prepositione
569 1364 640 1428 addi
666 1364 752 1439 solet,
776 1367 979 1448 quamobrem,
1004 1372 1038 1431 ut
1053 1368 1123 1444 dixi,

124 1475 164 1535 rte
185 1472 317 1536 fortasse
339 1468 437 1553 neque
459 1492 526 1536 mro
548 1490 646 1553 neque
668 1472 705 1534 iu
726 1490 824 1552 neque
846 1493 904 1536 meo
926 1475 1047 1556 scripsit
1067 1478 1121 1540 ¹ssd

124 1583 231 1643 rutum
251 1578 402 1652 Leucate,
425 1581 594 1659 quamtum.
853 1564 858 1574 ’

157 1686 320 1767 Expositis,
344 1706 412 1769 quse
427 1687 463 1750 de
480 1687 653 1766 copulativa
670 1686 820 1767 jungendi
841 1689 957 1751 ratione
981 1692 1012 1753 et
1033 1709 1121 1771 asyn-

123 1795 134 1857 i
157 1796 246 1875 atque
268 1795 430 1876 anaphorae
452 1812 510 1856 usu
533 1793 632 1856 dicere
650 1792 878 1872 constituerem,
900 1778 983 1860 iocos
1005 1786 1128 1878 aliquot'

123 1901 264 1982 pungam,
288 1899 341 1982 qui
363 1904 417 1963 aui
439 1900 476 1963 eb
498 1899 552 1963 illo
574 1903 671 1981 poetae
693 1898 834 1981 loquendi
849 1920 916 1976 usu,
935 1921 1026 1982 quem
1037 1905 1120 1968 trae·

122 2006 203 2071 imus
225 2007 376 2072 declinare
399 2005 548 2082 videntur,
571 2009 625 2069 aut
637 2006 674 2069 ob
685 2006 886 2071 difficiliorem
899 2009 1118 2074 sententiarum

122 2114 327 2197 ,otursmsqui
351 2115 635 2189 commemorentur,
659 2113 744 2194 digni
767 2116 847 2176 sunt.

156 2221 191 2282 lu
215 2220 309 2284 satira
333 2220 450 2283 decima
461 2222 551 2301 poeta
573 2222 647 2284 nota
658 2217 777 2284 Solonis
789 2221 879 2284 verbe
894 2223 984 2302 γνῶθι
996 2225 1116 2285 σεαυτόν

121 2327 195 2391 dans
219 2333 249 2392 et
271 2327 417 2409 exemplis
439 2344 617 2408 magnorum
640 2329 749 2392 dueum
774 2324 809 2391 ae
837 2346 954 2410 regum,
989 2332 1117 2394 mortem

121 2453 175 2507 un,
214 2453 306 2516 quern
328 2433 411 2515 parui
434 2434 572 2497 homines
595 2434 674 2512 sint,
708 2434 813 2497 dooere
836 2435 1045 2500 demonstrans
1068 2437 1115 2500 his

122 2541 168 2605 bis
190 2541 319 2609 Xerxem
343 2540 458 2622 profert
480 2549 510 2615 (a
532 2561 559 2604 v.
587 2538 673 2616 lito:

735 2691 889 2756 Gredo'tur
912 2693 989 2756 otior

119 2799 302 2884 Vele'fieutus
324 2798 429 2863 Athos
451 2803 482 2863 et
504 2798 667 2879 quidquid
691 2799 820 2864 Graeeie
841 2800 982 2864 mendum

118 2906 276 2971 dedetis
299 2907 447 2981 historia,
471 2910 672 2970 constratum
695 2905 854 2970 elassibus
876 2906 978 2970 isdem

117 3013 385 3095 §oppositumque
407 3015 490 3077 rotis
511 3013 653 3077 solidum
675 3033 782 3091 marm
805 3003 965 3078 credimus
988 3014 1074 3078 altos
1119 3004 1125 3013 ¹

117 3121 275 3204 defecisse
297 3141 409 3185 omues
431 3125 588 3201 epotaque
601 3121 747 3204 flumina
768 3120 867 3184 Medo

116 3228 307 3307 Prandente,
331 3232 361 3293 et
382 3228 526 3292 madidis
548 3231 661 3292 emutat
683 3249 755 3309 quoe
777 3228 949 3292 Sostratus
971 3227 1046 3292 etis.

115 3415 238 3463 momen
260 3398 363 3463 isdem
385 3399 423 3462 ad
445 3398 640 3482 eelifimtum
657 3398 811 3462 Athonem
834 3397 1025 3461 referendum
1050 3417 1115 3463 esse

115 3508 160 3578 et,
196 3525 292 3589 neque
315 3506 407 3570 verba
428 3504 524 3569 uilem
552 3505 765 3570 difficultatem
796 3505 918 3583 hebent,
953 3506 1005 3569 sed
1029 3525 1115 3588 asyn-

115 3632 154 3677 on
177 3612 262 3676 tertii
273 3613 418 3677 membri:
442 3616 644 3676 constratum
667 3610 828 3676 elassibus
849 3611 952 3675 isdem
974 3631 1043 3693 sqq.
1066 3613 1114 3690 iis,

114 3721 190 3783 ode
214 3720 352 3801 asyndeti
376 3738 432 3783 usu
455 3719 596 3798 diximus,
621 3721 779 3801 repugnet,
803 3721 835 3783 et
856 3719 1044 3800 interruptus
1068 3724 1115 3784 ost

113 3847 166 3891 nm
188 3827 266 3891 ordo.
298 3829 478 3907 -Postquam
513 3826 595 3890 enim
626 3831 717 3908 poete
748 3826 887 3891 homines
919 3825 1113 3910 notificatum

113 3934 223 3998 domem
238 3938 277 4010 ,et
299 3934 461 4014 quidquid
482 3933 611 3998 Groeeiu
633 3921 893 3998 meudoeAuotet
914 3935 952 3997 tre
973 3933 1114 3997 historie

112 4061 207 4107 ivero
230 4042 365 4123 eeeipere
397 4041 480 4115 dixit,
514 4059 549 4104 ex
583 4041 647 4105 eius
680 4040 825 4122 loquendi
859 4020 916 4104 sisu
949 4042 1003 4104 aut
1036 4039 1115 4103 nihil
