2566 4404
114 201 157 264 52
390 195 586 250 Deliberiore
603 193 752 246 verborum
768 193 878 260 positu

110 401 255 465 membro
288 399 339 463 oui
364 399 397 462 iu
419 416 507 480 prosa
527 357 661 462 ustione
683 398 800 460 suffixa
822 400 940 472 essent,
968 416 1026 462 uon
1046 397 1134 461 itadi·

112 506 276 580 velluntur
311 509 346 569 ut
377 506 468 584 rubo
496 504 715 568 enunciatiouis
748 502 800 566 rel
827 503 883 567 alii
913 506 983 569 vooi
1004 505 1136 586 utriusque

113 614 244 676 membri
276 613 427 676 eommuni
459 611 652 694 suffigentun
684 629 781 692 neque
813 630 831 673 a
865 613 971 692 prima
1003 611 1165 676 sententie

115 738 188 783 roos
209 719 395 782 divelluntur
414 724 447 781 et
467 719 521 782 alii
542 719 718 800 affiguntur
751 719 832 798 quod
856 719 1005 800 loquendi
1026 738 1112 799 genus
1128 735 1161 793 a,

110 828 133 893 J
136 827 261 890 ureuale
278 843 337 889 nou
354 825 534 899 adhibitum,
556 844 651 907 quum
672 825 752 906 apud
773 826 892 905 priores
914 827 998 890 nihil
1019 827 1141 890 usitatius

113 935 164 997 sit
199 934 379 996 documento
410 937 468 1006 est,
499 936 683 1013 quantopere
714 934 804 1012 poeta
835 933 993 1013 pedestris
1021 931 1143 997 orationis

111 1039 252 1121 loquendi
275 1039 387 1103 formas
409 1037 619 1120 amplectatur.
674 1039 871 1104 Hermauuus
892 1040 924 1102 in
950 1041 1081 1106 editione
1099 1041 1143 1105 Ju-

112 1146 228 1210 venalis
259 1149 357 1228 poetae
389 1145 484 1208 talem
516 1145 672 1225 particule
700 1147 975 1226 transpositionem
1003 1147 1143 1212 obtrudere

112 1258 237 1316 mustus
268 1259 323 1317 est.
376 1253 413 1315 In
444 1252 539 1316 satira
569 1253 651 1315 enim
683 1251 755 1324 xla,
785 1252 840 1316 ubi
874 1272 901 1317 a.
937 1275 967 1318 ι.
1008 1259 1063 1320 1οῖ
1094 1254 1144 1317 bea

113 1359 225 1440 scripta
246 1363 333 1422 suut:

523 1510 622 1591 Tyrio
637 1532 760 1591 parere
781 1511 934 1577 solebant

160 1617 346 1682 Hannibali
367 1623 397 1681 et
417 1619 544 1682 nostris
565 1618 700 1682 derebus
721 1621 852 1702 rapique
873 1620 1027 1687 Molosso

157 1725 285 1788 Horam
307 1727 447 1788 maiores
468 1745 508 1787 oo
530 1725 625 1789 dorso
640 1725 734 1808 serre
754 1727 910 1800 cobortes,

160 1832 292 1896 Partem
314 1832 458 1915 alipium
480 1832 556 1896 belii
577 1837 607 1895 et
630 1838 755 1897 mntem
776 1836 813 1897 ia
828 1835 966 1914 proelia
990 1841 1130 1933 terrene

119 2005 313 2066 Hermanuus
335 2020 453 2065 comma
480 2008 548 2083 post
576 2001 720 2065 cobortes
752 2004 885 2085 mutum
921 2007 1016 2081 delet,
1049 2010 1079 2070 et
1105 2021 1144 2086 pro

121 2108 195 2173 belli
233 2108 338 2172 scribit
376 2107 510 2191 bellique
547 2110 650 2183 (oodex
689 2110 770 2179 euim
806 2111 998 2178 Pithoeanus
1041 2111 1143 2194 belliqet

120 2217 227 2281 babet:
250 2235 304 2277 vor
327 2216 497 2297 praescribi
520 2221 626 2296 coepta
647 2221 703 2292 est
727 2235 826 2280 errore
844 2218 1058 2285 animadverso
1078 2221 1144 2283 litera

118 2324 184 2407 jana
209 2323 320 2404 scripta
341 2324 498 2397 remansit)
527 2323 748 2406 lectionemque
778 2343 865 2387 suam
886 2325 934 2388 ita
955 2328 1096 2402 defendit,
1123 2323 1144 2386 ut

127 2431 308 2514 particulam
330 2449 389 2511 que
410 2426 608 2493 substantiis.
631 2451 698 2512 quae
721 2436 792 2495 suut
813 2432 962 2498 cobortes
985 2443 1018 2498 et
1039 2440 1143 2502 torret

119 2540 249 2622 jungere
272 2541 360 2616 atque
383 2555 470 2600 voees
492 2536 625 2600 Partem
654 2575 690 2584 —
718 2539 849 2618 proelia
871 2560 926 2621 per
948 2543 1143 2624 appositionem
1180 2554 1182 2561 ’

124 2643 281 2727 posteriori
302 2643 372 2705 addi
395 2644 483 2708 dieat
527 2643 577 2708 Sic
605 2649 707 2708 autern
728 2647 888 2711 iuvenalis
910 2667 1060 2730 nusquam
1082 2645 1155 2712 dixit

125 2752 312 2816 Particulam
324 2770 383 2832 qae
396 2751 544 2829 interseri,
567 2753 632 2815 eius
642 2753 784 2835 loquendi
796 2774 869 2818 usus
888 2774 949 2819 nou
968 2757 1050 2830 sinit
1070 2767 1168 2835 neque

124 2858 224 2934 verba,
248 2876 315 2939 quae
338 2863 409 2921 sunt
430 2860 605 2922 eontentio
620 2860 760 2940 proelio,
773 2862 903 2943 appositi
919 2864 987 2928 loeo
1010 2883 1078 2928 oum
1096 2859 1182 2925 sub-

124 2967 255 3032 stantivo
271 2969 392 3029 terrem
404 2964 509 3050 juncta
521 2986 586 3030 esse
598 2970 732 3048 possunt
754 2988 824 3031 nam
836 2969 1034 3052 participium
1045 2972 1182 3036 eaeor·

126 3074 311 3141 substantivi
333 3092 404 3137 oasa
426 3073 457 3136 in
480 3075 586 3137 eodem
607 3075 800 3139 hemistichio
821 3077 954 3157 positum
971 3081 1004 3142 et
1025 3072 1182 3160 praeposi·

128 3184 210 3248 tione
232 3202 301 3247 oum
324 3200 395 3245 oasu
418 3181 455 3243 ab
478 3199 512 3244 eo
535 3182 718 3264 disjunctum
743 3183 921 3249 attributive
944 3185 973 3249 ei
1002 3179 1182 3250 neeessari⁴

127 3292 269 3355 adhaeret
325 3291 418 3353 Recte
451 3291 554 3352 autem
575 3289 767 3353 Hermannus
798 3310 832 3353 er
855 3291 961 3354 eodem
985 3293 1086 3356 codiee
1109 3299 1182 3371 pr⁶

128 3405 269 3463 turmam
286 3396 447 3461 substituit
459 3399 589 3460 turreio.
622 3395 654 3459 Si
669 3399 810 3459 tororum
832 3397 913 3461 enim
934 3398 1059 3479 legitur,
1080 3412 1138 3463 veae
1161 3403 1182 3441 ²

128 3507 261 3572 Partem
285 3510 489 3568 —turmam
524 3503 668 3567 vocabulo
690 3504 833 3568 cobortes
865 3524 919 3586 per
952 3506 1182 3589 appositiones!

127 3616 339 3699 adjunguntur,
364 3611 443 3692 quod
465 3610 636 3693 appositum
657 3612 732 3675 mire
754 3612 894 3694 langvet3
917 3612 944 3677 si
960 3606 1145 3679 turremsori
1161 3626 1182 3640 ⁶

129 3723 256 3797 bitur,t
242 3721 302 3786 tria
322 3718 459 3783 membra
481 3717 609 3801 aequalia
623 3718 667 3781 ita
682 3720 818 3801 J'uugunt
819 3740 862 3796 ιιι·
886 3724 930 3795 ut,
948 3712 1182 3803 quieuvenalt=

129 3833 176 3896 est
198 3848 272 3904 mos,
295 3827 401 3911 primis
423 3827 487 3891 sine
511 3826 719 3908 conjunctione
742 3827 885 3909 positist
887 3832 934 3893 ert
935 3830 1004 3893 ium
1024 3818 1182 3912 ιιιιιὶιιιὶΞ

130 3939 302 4023 copulatius
325 3936 511 4000 annectatur
556 3933 643 3998 Pers
666 3934 740 3998 belli
769 3937 823 3998 aut
846 3936 996 4002 maehiaae
1019 3939 1086 4001 suut
1103 3917 1182 3994 eut

105 4050 210 4134 οιῃιοιί
231 4045 346 4122 malim,
369 4046 427 4109 dux
450 4042 499 4107 vel
521 4042 660 4124 egregius
682 4041 779 4116 miles,
802 4040 855 4107 bfr.
873 4043 959 4127 birg.
972 4045 1049 4109 Aen.
1061 4018 1182 4118 ΧΑἫ
