2566 4404
390 267 433 320 De
453 267 608 320 mutatione
627 269 772 336 temporis.
1046 274 1109 339 203

56 468 229 532 efferretur:
252 468 340 547 XIII,
364 472 381 534 7
406 468 472 533 Seu
491 489 549 534 uec
574 470 655 533 Turn
677 471 785 534 tenuis
813 491 929 536 census
951 473 1011 538 iiii
1033 493 1109 539 rou-

57 576 151 657 ripn,
183 579 221 638 ut
242 576 414 640 mediocris
435 575 584 640 Juoturae
613 581 643 642 te
664 583 790 660 merpui
812 599 904 643 onus.
949 579 1109 646 iuvenalis

59 682 169 747 deinde
191 700 226 746 ex
248 683 340 748 huius
369 685 470 748 notatis
497 684 639 767 loquendi
661 704 719 749 usu
739 685 772 748 in
793 684 851 764 iis,
885 705 952 768 queo
974 688 1006 750 et
1027 686 1109 752 facta

57 791 132 853 sunt
153 793 185 854 et
205 791 272 854 fieri
294 791 407 868 solent,
431 792 571 856 notandis
593 792 727 873 perfeeto
749 795 885 875 temporo
908 794 1023 875 passim
1045 796 1107 858 uti-

53 894 123 961 t'ur:
146 897 184 972 X,
207 897 380 963 9Torreua
388 897 516 962 dicendi
526 899 621 978 eopia
630 897 1050 984 muliiaEisuumoriiseru
1061 905 1109 965 eai

53 1002 235 1085 suouuiiu,
266 1005 393 1069 viribus
425 1004 482 1068 iiie
526 1003 676 1086 Confisus
702 1007 808 1086 periit
837 1002 1109 1090 admirandisque
1214 1039 1215 1043 ¹

57 1109 203 1194 incertis,
225 1111 376 1193 imprimis
398 1111 450 1176 ubi
472 1112 509 1176 de
531 1132 563 1176 re
586 1111 687 1194 aliqua
708 1114 893 1195 intenogat‚
923 1134 989 1197 quae
1009 1135 1106 1198 neque

53 1219 137 1282 iaetu
160 1221 209 1282 est
232 1237 330 1301 noque
358 1218 423 1282 fieri
456 1220 533 1283 solet
565 1237 662 1300 noque
695 1220 798 1283 futura
821 1224 884 1285 est:
917 1223 1008 1300 XIII,
1045 1227 1108 1290 240

53 1324 149 1390 Num
177 1327 252 1407 quis
276 1324 441 1389 Peccandi
464 1325 561 1408 fiuent
588 1311 706 1406 'posuit
736 1327 826 1392 siti?
858 1328 924 1406 XV,
950 1336 1004 1395 161
1037 1331 1106 1412 Quo

55 1452 187 1498 nemore
226 1453 382 1515 umquam
425 1432 622 1514 Euapiruvii
660 1454 740 1514 oper
779 1436 917 1499 maioris
957 1438 1107 1515 dentibus

49 1541 151 1622 apri!
193 1539 312 1605 Indiou
333 1541 431 1623 iipris
453 1541 525 1623 apii
545 1539 664 1604 rubido
687 1561 759 1604 eum
782 1541 901 1624 iipride
916 1563 1051 1624 paoem,
1075 1552 1107 1610 et

48 1647 205 1712 interdum
218 1667 253 1711 ex
265 1647 312 1724 iis,
324 1666 391 1729 quae
403 1650 577 1724 evenerunt,
599 1647 827 1730 rogaturque
845 1650 946 1714 omnia
965 1655 1105 1733 tempora

51 1754 268 1836 amplectitur,
302 1754 490 1819 constituens
512 1755 602 1836 atquo
625 1773 660 1818 ex
682 1774 715 1819 re
738 1757 819 1819 fasta
846 1758 1028 1822 sententiam
1050 1777 1104 1841 ge·

52 1861 189 1926 noralem
212 1861 347 1925 officiens
369 1882 422 1944 per
445 1861 614 1945 perfectum
637 1865 758 1942 tempus
777 1879 844 1925 eam
858 1864 994 1945 exponit:
1016 1866 1103 1944 XIII,

54 1971 119 2035 105
140 1967 207 2032 lue
228 1988 352 2033 erucem
368 1970 514 2049 pretium
535 1967 666 2034 sceleris
688 1967 774 2047 tulit,
797 1969 849 2033 irio
871 1969 1040 2053 diudeuu;
1064 1974 1104 2049 ΙΙ,

49 2078 103 2142 83’
121 2057 224 2140 Nouo
258 2079 388 2159 reprime
412 2075 486 2159 fuit
518 2077 741 2156 turpissimus,
751 2076 776 2157 ¹)
826 2078 900 2141 Duae
933 2079 1103 2161 intorroga-

50 2181 152 2247 tiones
174 2184 326 2247 Interdum
361 2183 406 2248 sio
433 2184 620 2266 junguntur,
654 2186 690 2247 ut
711 2184 808 2246 altera
839 2200 893 2264 per
925 2184 1103 2267 perfeetum,

52 2289 155 2355 altera
175 2309 229 2372 per
250 2309 383 2373 praesens
405 2295 528 2373 tempus
550 2291 706 2354 efferatur:
731 2289 793 2366 ΙΙΙ,
819 2293 880 2356 160
905 2291 986 2371 Quis
1006 2314 1105 2375 peuer

51 2395 105 2461 irio
120 2395 253 2478 placuit
274 2417 371 2462 oeirsu
393 2399 502 2461 minor
523 2401 621 2478 nique
625 2391 748 2477 puelle
760 2395 949 2462 Suruiuulis
970 2401 1103 2480 impuri

59 2504 144 2586 Quia
158 2524 292 2586 pauper
312 2505 468 2569 seribiiur
490 2503 606 2570 ireres?
631 2505 723 2581 XIII,
756 2509 816 2571 162
837 2506 920 2584 Quia
943 2508 1103 2573 tumidum

52 2613 172 2694 putiur
193 2613 336 2676 miratur
357 2614 394 2676 iu
415 2611 581 2694 Alpibus?
628 2610 760 2676 Gaeruiu
782 2614 857 2693 quis
879 2615 1007 2695 stupuit
1025 2615 1102 2681 Ger-

48 2719 145 2783 mani
177 2717 329 2783 luminu?
356 2718 409 2783 ofr.
433 2720 485 2799 VI,
509 2722 693 2797 noo-266,
728 2739 881 2802 quumque
902 2722 961 2786 hoo
982 2723 1102 2805 perfec-

47 2827 125 2907 tum,
149 2826 222 2907 quia
242 2827 358 2890 indioat
378 2827 419 2900 id,
442 2827 519 2909 quod
544 2828 576 2890 et
597 2829 644 2890 ost
676 2828 708 2890 ot
730 2827 790 2890 fuit
812 2829 939 2901 eterit,
973 2829 1003 2891 in
1027 2849 1101 2911 prae·

50 2932 148 2998 sentin
171 2933 316 3016 temporis
338 2934 590 3016 significationem
613 2935 833 3016 quodammodo
856 2935 1014 2999 transiisse
1041 2936 1101 3000 dioi

50 3039 157 3122 possit,
179 3040 251 3104 inde
272 3039 386 3105 factum
412 3041 474 3115 est,
497 3044 533 3104 ut
555 3041 708 3113 sententia
729 3040 863 3122 pendens
888 3060 942 3122 per
964 3032 1100 3122 praesens

48 3151 172 3230 tempus
201 3148 352 3211 interdurn
387 3149 648 3229 pronuntiaretur:
684 3148 778 3224 VIII,
804 3151 865 3213 196
887 3147 1030 3212 Mortem
1052 3150 1101 3214 aio
1188 3168 1191 3173 ·

47 3255 223 3335 quisquam
245 3253 421 3332 exhorruit,
444 3259 481 3318 ut
502 3257 548 3319 ait
569 3254 748 3338 Zelotypus
774 3254 957 3338 annueres,
980 3256 1046 3333 III,
1070 3261 1099 3336 6,

71 3428 1089 3463 ψ-ψ-ῄ--ᾖ

78 3516 97 3583 ¹)
119 3482 192 3569 tunt
210 3515 296 3583 igitur
314 3516 387 3583 apud
406 3517 570 3570 Juvenalenr
594 3521 626 3568 ut
644 3515 718 3582 apud
744 3516 854 3583 priores
879 3524 981 3582 poetas
1001 3518 1100 3571 norisii

117 3599 278 3653 Graeoorum
305 3601 427 3666 uestigia
457 3603 507 3653 ui'r.
526 3600 594 3652 Hor.
624 3601 657 3652 A.
675 3601 704 3652 P.
731 3603 781 3656 412
812 3600 883 3650 Omne
910 3601 964 3651 ulit
979 3612 1099 3668 punctum,

114 3687 157 3750 qui
173 3687 267 3736 micuit
284 3685 341 3734 utile
358 3685 431 3751 dulei,
453 3685 548 3751 Epist.
577 3683 603 3750 l,
629 3686 674 3750 19,
698 3687 731 3740 48
749 3683 834 3734 Ludus
861 3687 920 3735 eninr
945 3688 1025 3750 penui!
1052 3696 1097 3736 tre·
1137 3715 1140 3720 -
1247 3695 1248 3698 ’

113 3769 196 3835 pidum
214 3779 329 3819 intonen
353 3780 375 3819 et
392 3771 470 3829 iram,
499 3769 545 3819 Ira
571 3779 649 3819 trucea
676 3769 812 3819 inimicitiae
839 3779 861 3819 et
878 3771 982 3833 funebre
1000 3771 1097 3832 bellum3

116 3852 175 3906 Sat.
194 3852 229 3919 II,
249 3857 273 3916 ἲ,
294 3855 344 3909 223
366 3853 438 3911 Quem
456 3855 517 3918 repit
535 3855 612 3904 vitrea
626 3855 706 3916 sumu,
724 3854 796 3905 Hune
813 3854 975 3904 circumtonuit
992 3855 1100 3920 pandens

122 3938 227 3989 Bellona
256 3940 366 4001 cruenti,
396 3938 429 3990 de
461 3954 516 4003 quo
545 3938 651 3990 aoristo
685 3936 866 3990 Heinriohius
895 3942 924 3990 et
942 3937 1097 4006 Rupertius

115 4021 210 4076 multia
223 4021 293 4076 locis
304 4023 394 4076 minus
410 4030 489 4095 recte
496 4022 636 4089 judicant,
658 4021 693 4075 ad
704 4021 779 4087 quod
789 4036 900 4085 nomeu,
920 4021 969 4074 ubi
989 4024 1098 4088 periec-

114 4111 214 4159 tumet
232 4102 359 4172 praesens
379 4114 491 4173 tempus
508 4107 670 4175 junguntur,
689 4107 747 4159 fere
766 4105 871 4170 ubique
891 4107 1064 4174 confugiunt.
