2566 4404
399 217 442 269 De
461 216 596 271 liberiore
615 217 763 272 verborum
781 219 887 284 positu.
912 193 920 205 ³
1126 222 1166 286 27

111 420 311 484 divellentem
332 418 395 483 iere
418 420 540 483 easdem
562 419 783 484 enunciationis
812 423 913 501 parles
943 420 1112 486 inteream
1136 424 1168 486 et

112 527 245 591 ullorum
267 527 439 590 membrum
461 563 501 572 -
525 526 621 590 rarius
645 563 683 572 -
706 526 896 590 interserere.
933 527 1069 592 Priomnr
1093 546 1166 611 poe·

113 636 211 715 iarum
234 633 399 710 licentium,
433 634 485 716 qui
506 634 643 697 membre
665 630 788 697 arbitrio
811 652 867 698 sue
888 635 1070 711 distrahunb
1108 653 1165 700 nen

114 740 262 816 imitatur,
285 740 479 821 quemobrem
510 740 624 816 fermus,
654 758 722 820 quae
751 745 838 804 sunt:
882 741 986 823 Atqui
1016 742 1048 804 si
1075 743 1167 806 uillis

115 847 326 911 mediocribus
363 867 402 911 aa
434 867 506 910 mea
529 848 652 927 paucus
673 846 838 911 Meurlosa
860 851 907 911 est
928 851 1053 910 ualura
1077 848 1161 927 (Her.

116 953 174 1019 lai.
188 956 253 1047 136,
269 959 323 1033 55)
347 954 398 1018 vel
422 954 572 1037 Namque
587 953 665 1034 pu'la
687 953 788 1035 lu'ppu's
809 956 979 1018 lulrm'rum
1003 959 1033 1018 el
1055 954 1165 1020 ludere

117 1062 222 1125 trudis
233 1062 319 1141 (Hor.
332 1060 395 1124 Sat.
410 1063 433 1137 l,
446 1066 476 1135 4,
489 1064 552 1140 67).
566 1063 643 1142 apud
668 1080 739 1125 eum
760 1080 820 1127 uon
836 1063 1039 1127 inveniuntur.
1072 1064 1164 1127 Locos

118 1169 226 1250 liquet
259 1172 436 1247 annectam,
471 1185 554 1249 quos.
591 1168 662 1249 quia
696 1169 777 1231 varie
811 1175 996 1245 enarrentur,
1032 1171 1164 1234 nondum

118 1275 353 1340 temmemoruvi.

195 1383 232 1445 In
256 1381 426 1457 saliranV‚
449 1380 499 1444 ubi
522 1388 610 1462 poeta
635 1385 773 1444 naturam
797 1382 971 1446 homiuibus
993 1383 1072 1446 nihil
1093 1384 1161 1466 pul-

120 1489 213 1552 rhrius
235 1507 328 1570 quem
350 1489 500 1561 lacrimae,
523 1488 610 1551 illam
629 1507 736 1553 sensus
747 1488 872 1553 humani
884 1490 1031 1570 optimam
1044 1495 1162 1571 partem

120 1597 229 1661 ledisse
253 1598 349 1664 docet,
373 1595 405 1658 bi
428 1613 533 1658 versus
556 1596 701 1677 leguntur
724 1604 752 1676 lu
767 1617 793 1659 v.
809 1600 893 1677 ism:

192 1747 333 1813 Plorare
355 1768 430 1828 erpo
446 1748 540 1827 jubel
563 1767 698 1811 eausam
728 1748 867 1812 dleeulu's
890 1750 988 1813 amlm'

130 1920 133 1925 ,
193 1853 446 1939 squaloremque
467 1856 525 1930 rel,
543 1854 711 1935 pupillum
734 1854 779 1917 arl
792 1856 877 1935 jura
899 1862 1065 1921 oaeaulem

197 1962 530 2043 Cu‘reumsem'plarem,
554 1963 647 2025 euius
669 1964 843 2026 manantia
858 1964 942 2045 fletu

197 2067 266 2133 Ora
282 2069 452 2150 puellares
466 2070 602 2154 saoiuul
623 2071 749 2133 luceria
772 2069 894 2151 capilli.

126 2239 275 2321 superous
296 2240 396 2303 locum
420 2240 464 2303 sie
485 2241 621 2302 accuset:
648 2225 771 2302 »scebro
793 2239 897 2315 oratio,
920 2258 986 2320 quae
1009 2261 1065 2306 nee
1086 2242 1160 2306 salis

127 2347 182 2423 uit,
217 2346 244 2409 si
279 2365 314 2409 er
347 2347 455 2410 multis
488 2346 573 2408 libris
607 2364 742 2408 eausam
775 2345 836 2425 (vel
864 2352 988 2425 casum)
1018 2345 1160 2426 lupeulis

128 2454 204 2516 mlal
215 2456 392 2534 reposueris,
420 2471 491 2516 nem
517 2453 561 2515 sie
583 2453 731 2533 particula
754 2473 813 2535 que
827 2471 886 2518 non
900 2453 964 2517 voci
975 2452 1159 2536 squalorem

128 2562 157 2625 ni
176 2560 345 2641 pupillum
368 2561 554 2623 annectenda
577 2563 649 2623 erui.
683 2561 772 2623 Forte
795 2561 855 2642 leg.
868 2581 1002 2624 eausam
1020 2561 1158 2624 dleeulls

129 2668 205 2730 rnlau'
228 2667 439 2750 Squalorem;
462 2670 558 2749 alque
579 2668 628 2730 ra'
643 2665 812 2747 papillam
834 2674 902 2749 eeu,
932 2671 967 2731 ul
984 2670 1157 2751 junguntur

129 2777 150 2838 u'
174 2776 251 2857 (suae
263 2774 435 2853 familiaris)
458 2775 770 2855 circumsom'plarem
785 2779 838 2838 eui
850 2775 952 2857 polius
965 2774 1156 2858 Squalarem

130 2882 151 2945 ll
173 2903 240 2945 rem
263 2884 413 2960 (oensem)
439 2882 548 2962 pupilli
571 2903 596 2945 n.
605 2883 629 2963 j.
643 2902 670 2944 v.
684 2881 736 2944 Cr<
784 2882 981 2946 Aehuinbius
1012 2883 1154 2946 substan·

130 3007 210 3062 rum,
235 2990 314 3070 quod
335 2992 421 3069 poeto
447 3007 505 3052 non
529 2988 660 3068 scripsit,
682 2988 867 3052 interserens
889 2989 991 3051 lecum
1007 2989 1052 3053 sie
1067 3009 1154 3053 enar-

131 3100 163 3160 ,ἴε
187 3114 298 3159 rasum
318 3096 416 3159 amlm'
436 3114 571 3159 eausam
594 3095 731 3158 dleeulu‘s
753 3099 784 3158 el
804 3094 988 3176 squalorem
1011 3097 1078 3174 ra';
1102 3098 1154 3161 alii

130 3204 158 3266 iu
170 3203 290 3283 obieeta
299 3208 445 3284 ponentes
453 3207 608 3283 (eausam,
616 3201 811 3285 squalorem,
822 3202 1003 3286 pupillum)
1016 3203 1154 3269 <linealis

133 3328 153 3374 e
183 3329 219 3373 se
251 3309 452 3391 defeudeulu's
487 3310 602 3373 dietum
643 3329 709 3373 esse
752 3311 888 3373 eredunt.
954 3311 1153 3377 Heinriebius

132 3417 313 3480 ebrini-rium
346 3418 520 3498 vituperans
553 3435 688 3479 oausam
722 3438 739 3481 u
772 3417 910 3480 alleeulu‘s
949 3419 1053 3482 divelli
1096 3439 1153 3485 non

136 3544 187 3588 sse
209 3527 290 3588 reete
312 3524 473 3600 intellexitff
509 3525 562 3586 sed
587 3525 677 3587 verba
710 3527 817 3605 poem,
852 3525 912 3589 nisi
935 3525 1060 3590 verbum
1085 3526 1151 3607 plo·

133 3633 183 3694 ndi
205 3651 273 3695 curn
298 3633 440 3713 genetivo
463 3632 561 3694 amloi
568 3632 711 3713 junctum
726 3634 894 3709 credamus,
919 3634 1051 3698 enarrari
1063 3653 1151 3714 posse

136 3758 221 3820 gans,
246 3741 277 3801 et
300 3738 440 3802 Graeoum
463 3741 541 3802 hane
563 3741 758 3803 eonstruendi
783 3742 931 3803 rationem
958 3744 1078 3822 propter
1101 3760 1150 3804 se·

134 3849 225 3909 ‚enies
248 3845 434 3930 accusativos
458 3845 654 3929 (squalorem
683 3851 714 3909 ei
730 3847 910 3927 pupillum)
933 3850 1035 3911 minus
1070 3848 1151 3911 veri-

135 3955 230 4017 nilem
252 3973 318 4018 esse
341 3955 734 4018 oorroedens—Juvenalis
757 3956 815 4019 heo
834 3956 975 4036 genetiuo
999 3962 1151 4034 nusquam

135 4061 194 4124 itur
221 4098 254 4107 -
280 4081 315 4125 ex
338 4062 491 4126 nonnullis
515 4061 677 4137 codicibus,
712 4081 842 4142 querum
863 4061 915 4124 alii
938 4080 992 4144 pre
1014 4077 1150 4124 eausam
