2566 4404
182 208 243 271 130
464 203 466 207 ’
624 207 667 259 ne
687 206 792 274 erupsr.

181 408 255 471 facit
289 412 379 489 atque
415 408 511 489 plebis
544 408 744 490 cogitationes
783 409 899 474 crudeli
933 429 969 474 ac
1001 411 1104 476 subita
1133 412 1221 478 Seiani

180 518 278 580 morte
301 517 401 579 motas
419 515 465 578 ita
479 515 709 578 adumbrantem
721 515 821 598 fingit,
844 519 880 581 ut
890 518 1024 598 plurium
1036 537 1221 605 personarum

180 624 285 707 partes
308 625 389 703 agat,
413 624 464 685 sed
487 623 566 685 idem
590 626 681 703 atque
696 641 789 707 supra
802 625 974 704 respondet
1018 624 1125 708 Neque
1136 627 1222 691 Hein-

179 728 307 800 richius,
342 747 433 810 quem
455 729 581 792 Iahnius
611 734 642 793 et
664 729 858 793 Hermannus
889 734 1068 812 sequuntur,
1102 733 1224 816 reliquos

179 855 286 900 versus
313 838 396 899 recte
427 836 597 912 distribuit,
631 855 700 899 nam
730 837 825 913 idem,
859 837 911 918 qui
932 836 1110 903 Perituros-
1133 839 1224 904 audie

180 942 300 1006 mattos
322 943 403 1017 dicit,
427 944 519 1006 etiam
543 941 768 1023 apettidatus
789 944 835 1006 mi
857 949 894 1020 (u.
917 947 972 1021 82)
994 947 1088 1010 verba
1109 949 1227 1029 profert,

179 1069 248 1132 quae
278 1050 370 1113 breve
397 1054 488 1131 atque
519 1068 611 1131 grave
640 1068 818 1132 responsum
842 1033 1079 1131 Nat'duetem
1111 1073 1228 1135 magau

178 1160 226 1219 est
247 1155 431 1238 sorbetulo
460 1160 643 1237 sequuntur,
676 1160 746 1238 post
777 1174 845 1240 quae
874 1158 967 1222 uerba
995 1163 1109 1240 puncto
1138 1161 1229 1243 igitur

181 1263 427 1344 distinguendum
441 1262 699 1346 estffcruacute.
725 1263 996 1342 Pallidulusme').
1027 1265 1062 1330 Si
1073 1266 1231 1348 loquentes

177 1371 349 1434 accuratius
361 1370 587 1452 inspexerimus,
610 1389 658 1434 res
669 1371 829 1451 perspicua
840 1372 907 1434 erit.
951 1373 1043 1435 Alter
1062 1373 1158 1451 enim,
1180 1372 1230 1455 qui

176 1478 274 1559 plebis
297 1494 459 1562 personam
482 1478 581 1541 induit
603 1482 635 1541 et
655 1477 872 1559 interrogantis
894 1480 943 1542 vel
971 1479 1231 1561 interrogantium

176 1589 277 1667 partes
290 1585 362 1666 agit,
386 1585 476 1647 homo
500 1585 677 1660 aeternius,
701 1584 846 1664 curiosus,
869 1584 1055 1667 inconstans,
1078 1588 1231 1672 trepidus,

177 1692 230 1773 qui
242 1692 376 1755 violente
387 1688 488 1754 Seiani
501 1693 598 1754 morte
610 1692 804 1773 perturbatus
822 1709 925 1756 ornnes
940 1693 1233 1775 interrogationibus

176 1818 287 1863 vexans
327 1798 439 1873 ambit,
484 1796 577 1874 alter,
619 1798 676 1862 sub
716 1799 804 1862 euius
844 1816 972 1880 persona
1012 1804 1108 1884 poeta
1141 1801 1233 1878 latet,

178 1909 210 1969 et
232 1907 284 1988 qui
306 1905 419 1985 ubique
431 1906 600 1987 respondet,
623 1908 765 1968 constans
777 1909 867 1987 atque
880 1906 981 1988 gravis
993 1907 1084 1970 homo
1097 1912 1156 1986 est,
1182 1908 1233 1990 qui

177 2012 414 2077 inconstantiam
440 2012 539 2092 plebis
568 2012 710 2074 Seianum
746 2013 783 2075 ad
811 2011 925 2076 coelum
956 2031 1053 2094 nuper
1081 2013 1233 2089 tollentis,

176 2121 250 2183 tunc
282 2121 408 2183 nadaver
441 2119 507 2181 eius
541 2119 686 2182 calcantis
720 2120 800 2182 salse
828 2119 934 2182 nudet
962 2123 1053 2200 atque
1083 2123 1231 2204 exagitat.

175 2225 234 2289 Ille
258 2226 429 2289 rumoribus
457 2226 609 2288 inhaerens
638 2225 743 2288 multis
772 2225 1057 2306 interrogationibus
1088 2246 1233 2293 caussam

174 2333 282 2397 mortis
305 2332 422 2414 quaerit,
452 2332 502 2395 hic
523 2332 627 2413 paucis
649 2332 749 2396 verbis
772 2331 934 2413 epistolam
959 2333 1118 2396 verbosam
1145 2335 1234 2417 (quia

175 2444 211 2505 de
233 2441 339 2505 multis
362 2439 452 2502 rebus
475 2457 568 2520 agens
592 2439 647 2502 sub
670 2439 762 2502 finem
785 2443 942 2520 tamquam
963 2439 1061 2502 obiter
1083 2439 1232 2506 Seianum

174 2549 206 2612 in
229 2565 380 2611 carcerem
409 2547 517 2627 conjici
535 2545 675 2628 jubebat)
699 2545 823 2626 Capreis
855 2546 973 2608 venisse
1007 2549 1177 2629 respondet
1200 2556 1231 2613 et

174 2656 286 2719 iterum
313 2656 349 2717 de
372 2672 519 2717 concursu
547 2653 705 2715 hominum
734 2653 940 2734 interrogatus
969 2652 1089 2733 piebem
1117 2657 1232 2720 acerbe

174 2763 313 2843 castigat.
362 2761 445 2824 Prior
474 2759 597 2841 excipit:
645 2758 815 2822 Perituros
849 2759 948 2822 audio
977 2759 1107 2840 mattea,
1147 2765 1230 2843 quod

174 2871 253 2934 alter
275 2868 374 2932 verbis
397 2864 458 2930 Nil
480 2866 633 2944 dubium
669 2886 791 2948 caepae
819 2870 867 2930 est
880 2864 1063 2949 ferueeule
1098 2869 1230 2942 (multas

173 2980 291 3040 statuas
308 2976 420 3062 praeter
432 2971 532 3036 Seiani
555 2991 660 3053 capere
683 2976 796 3054 potest)
819 2973 963 3051 affirmat,
987 2977 1018 3038 et
1033 2974 1096 3050 ille,
1119 2979 1158 3039 ut
1183 2981 1232 3042 est

172 3085 288 3159 aurius,
322 3100 354 3145 se
376 3081 552 3144 Brutidium
584 3080 617 3143 in
644 3080 754 3144 Martis
787 3098 894 3165 campo
930 3080 1078 3161 pallidum
1112 3083 1230 3149 vidisse

168 3193 361 3264 recordatur,
397 3189 462 3270 jam
503 3188 585 3250 hunc
623 3189 744 3269 captum
785 3206 851 3250 esse
891 3191 1080 3268 compertum
1114 3190 1236 3270 habet.

171 3299 231 3362 sibi
244 3296 355 3360 metuit
370 3299 401 3358 et
412 3297 448 3358 ut
460 3294 561 3358 Seiani
577 3295 704 3358 cadaver
726 3294 869 3358 calcando
891 3311 910 3356 a
929 3293 1109 3375 periculose
1124 3303 1229 3363 servet

172 3404 301 3485 aufugit.
349 3403 388 3464 ru
410 3401 440 3463 in
464 3402 533 3485 ipsa
556 3401 714 3465 verborum
735 3402 831 3464 forma
848 3402 912 3463 haec
934 3399 1110 3466 distributio
1132 3403 1228 3480 inest,

171 3529 242 3574 nam
256 3510 333 3572 alter
344 3508 464 3588 ubique,
488 3509 565 3572 alter
587 3525 733 3588 nusquam
757 3507 857 3591 prima
874 3507 956 3571 verbi
970 3526 1099 3588 persona
1112 3510 1226 3590 utitur,

60 3667 62 3672 .
171 3623 203 3682 et
234 3618 323 3697 poeta
356 3615 422 3694 ipse
451 3616 517 3678 baec
538 3616 629 3678 verba
658 3613 755 3677 addit:
799 3613 850 3676 Ha'
879 3633 1043 3678 sermones
1069 3615 1162 3680 Tuae
1187 3618 1228 3682 de

173 3723 303 3796 Saeuo,
334 3721 442 3801 quibus
465 3740 497 3784 se
518 3722 552 3784 in
574 3722 721 3786 sermonis
744 3719 874 3785 formam
897 3730 1002 3786 versus
1027 3722 1226 3789 distribuisse

172 3831 315 3896 declarat.
370 3826 503 3908 Objiciat
535 3827 664 3891 fortasse
698 3827 778 3907 quis,
824 3846 916 3909 quum
947 3832 1039 3913 poeta
1077 3847 1110 3892 se
1139 3831 1226 3909 vulgi

170 3955 324 4002 sermones
355 3952 502 4014 exponere
541 3934 635 4010 dicat,
679 3933 809 3997 alterum
843 3935 934 3998 nimis
966 3936 1100 4016 graviter
1129 3939 1225 4020 atque

157 4040 434 4120 r'rridentericuui3
457 4042 512 4108 sed
534 4060 608 4108 eum
628 4039 712 4106 fictis
733 4041 800 4104 suis
817 4041 958 4121 persoms
975 4034 1173 4118 augustanos
1187 4065 1225 4109 ac
