2566 4404
118 217 180 278 164
435 199 439 206 ’
561 213 604 265 De
624 212 727 280 ellipsi.

114 415 266 495 interjecti
288 414 387 478 mutto
424 415 525 494 aptius
557 433 702 496 responso
734 419 967 499 postponantur,
1000 419 1030 480 et
1059 434 1142 480 voces:
1191 410 1196 503 t

116 521 166 585 Hi
192 521 387 601 plerumque
409 520 534 601 quadus
554 539 607 585 eos
629 522 741 585 certius
764 522 929 598 definiant,
962 526 1143 606 transponeu·
1193 510 1196 545 ¹

115 629 169 692 dos
192 647 258 693 esse
281 647 398 692 censeo.

203 735 327 797 Tertius
350 735 434 797 locus
456 735 487 796 in
510 735 606 798 satira
627 737 713 799 serta
732 735 863 816 legitur,
897 753 959 818 qno
987 738 1050 800 loco
1075 738 1147 817 poeta

114 843 278 905 mulierem
315 840 539 904 inconstantem
571 841 756 923 meritosque
790 843 903 924 seepius
942 846 1148 928 permutantem
1194 866 1196 873 ·

115 967 183 1012 av.
206 951 270 1012 224
292 947 336 1010 sic
357 953 588 1012 commemorat:

199 1099 347 1178 Imperat
368 1117 443 1178 erqo
465 1099 546 1176 uiro,
571 1097 630 1161 sed
648 1117 724 1161 mon
744 1099 812 1162 beee
833 1120 940 1181 reqnu
961 1101 1112 1182 relinquit

201 1206 436 1284 Permutatque
458 1203 568 1267 domos
590 1208 621 1268 et
633 1205 791 1287 flammea
813 1210 962 1284 conterit,
984 1208 1059 1272 inde

100 1296 103 1301 ¹
200 1311 345 1374 Advolat
367 1314 398 1374 et
418 1311 522 1390 spreti
543 1311 660 1390 repetit
680 1312 820 1392 cestiqiu
843 1311 928 1377 lecti.

204 1417 349 1481 Ornatus
365 1416 484 1497 paullo
507 1417 700 1501 anteferes,
716 1419 900 1499 pendentia
922 1419 1047 1502 linquit

207 1524 286 1588 Vela
308 1524 423 1587 domin
444 1528 475 1588 et
496 1524 603 1587 adbuc
623 1524 746 1588 uirides
766 1527 804 1588 in
826 1525 940 1590 limine
961 1546 1080 1590 ramos.

115 1697 212 1757 Poeta
234 1694 318 1766 dicit,
341 1713 466 1757 uxorem
487 1693 592 1774 paullo
604 1697 672 1774 post
693 1692 815 1773 nuptias
828 1695 974 1758 maritum
989 1695 1152 1776 relinquero,

116 1803 220 1865 domos
242 1804 424 1882 permutare.
447 1799 590 1862 flammea
607 1804 772 1876 conterere,
795 1800 833 1863 ad
854 1801 990 1881 primum
1014 1799 1153 1873 maritum,

116 1909 169 1989 qui
191 1908 302 1970 iterum
317 1906 440 1990 nuptias
452 1905 605 1970 solemnes
616 1924 686 1969 cnm
698 1924 734 1969 ea
750 1905 892 1982 celebret,
915 1908 1035 1981 reverti,
1058 1904 1153 1968 deinde

115 2033 185 2077 mor
209 2031 276 2075 enni
301 2013 414 2076 iterum
436 2011 615 2093 relinquere.
650 2012 766 2075 Alterae
788 2030 856 2075 cum
880 2014 980 2094 primo
1003 2013 1066 2076 viro
1086 2030 1152 2091 nup·

36 2116 44 2131 ⁴
115 2121 177 2192 tiae,
203 2139 271 2200 qnae
287 2119 402 2183 ornatis
421 2119 546 2196 toribus,
569 2118 769 2199 pendentibus
791 2118 882 2194 velis,
906 2102 1054 2182 uiridibus
1071 2115 1151 2181 ramis

115 2231 219 2307 aperte
242 2226 394 2297 notantur,
434 2225 656 2288 dubitationem
678 2243 738 2287 non
761 2243 882 2304 premam
907 2230 1047 2297 movent,
1080 2220 1151 2286 ethi

114 2351 219 2396 versus
242 2351 310 2394 cum
335 2331 434 2394 verbis
455 2330 514 2393 sed
533 2351 608 2392 neor:
630 2339 731 2406 (voces
750 2330 865 2414 poecile
884 2334 963 2393 ante
986 2328 1148 2394 vocnbnlum

113 2459 188 2503 mou·
211 2437 371 2511 definiunt)
400 2436 467 2500 bec
488 2457 591 2518 reqnc
612 2437 771 2517 relinquit
798 2439 863 2500 tam
886 2439 972 2500 arcte
1001 2436 1147 2505 cohaerent

113 2546 218 2609 utrix
241 2544 374 2607 dubitari
395 2545 511 2625 possit,
535 2544 606 2625 quin
628 2563 733 2607 versus
756 2545 928 2608 225-226
950 2543 1018 2623 (qui
1039 2542 1069 2604 in
1090 2556 1145 2602 non·

114 2651 207 2715 nullis
230 2651 382 2714 codicibus
405 2651 529 2718 desunt.
564 2651 757 2731 quamobrem
781 2650 818 2712 de
841 2649 944 2729 positu
967 2667 1070 2711 eorum
1087 2646 1142 2726 jue

115 2758 231 2838 ambigi
264 2762 377 2838 potest)
411 2760 482 2838 post
514 2776 634 2820 versum
668 2759 732 2822 228
764 2756 985 2840 transponendi
1020 2755 1090 2828 sint,
1117 2750 1140 2810 ot

45 2871 49 2875 ’
114 2868 202 2946 poeta
224 2866 268 2928 sic
290 2863 464 2947 scripserit:

199 3014 346 3095 Irrqnerut
369 3034 443 3095 erqo
466 3015 537 3076 ciro
559 3011 617 3075 sed
636 3031 711 3074 neoc
733 3012 799 3075 nuc
821 3032 924 3093 reqno
946 3010 1099 3092 relinquit,
1193 2974 1196 3089 i

202 3121 348 3185 Ornatus
363 3119 481 3201 purello
505 3097 582 3182 unte
595 3117 697 3200 sores.
713 3118 896 3199 pendentia
918 3118 1039 3200 linquit
1193 3092 1196 3113 Ι

205 3228 282 3292 Vela
306 3229 419 3291 doricus
442 3229 472 3289 et
493 3225 601 3288 cellruc
621 3225 743 3288 uirides
764 3226 801 3287 in
823 3223 937 3289 limine
958 3243 1071 3299 rancor,
1193 3224 1196 3251 ⁵

199 3335 432 3413 Pernrututque
454 3332 564 3394 donnes
586 3335 616 3395 et
629 3332 786 3413 flueruneu
808 3333 955 3405 conterit,
979 3331 1054 3395 inde

148 3462 151 3467 ·
199 3440 342 3503 Aduolat
364 3444 395 3504 et
414 3439 519 3519 spreti
539 3439 656 3518 repetit
675 3439 815 3520 uestiqic
837 3437 922 3502 teeti.

114 3627 174 3689 que
196 3626 339 3671 versuum
369 3605 582 3670 distributione
610 3605 777 3670 substituta
811 3625 884 3670 uxor
913 3609 1009 3671 semel
1036 3603 1140 3668 dorollm

114 3715 170 3778 viri
189 3712 360 3794 relinquere
383 3716 472 3793 atque
496 3715 565 3792 post
586 3712 684 3774 varias
706 3713 827 3792 nuptias
850 3715 985 3794 primum
1007 3705 1146 3776 mamma

114 3820 200 3883 nium
221 3823 357 3899 repetere
369 3818 488 3890 dicitur,
513 3819 543 3879 et
566 3816 693 3880 molesta
717 3817 882 3882 alterarum
903 3839 972 3884 cum
987 3801 1155 3910 primcvift‘

114 3923 1029 4007 nuptiarumcelebritestoactarnmcommemoratiotollitur.
1052 3908 1164 3986 omont

110 4032 254 4109 decurrit,
264 4034 296 4098 et
305 4032 457 4118 junctura
466 4028 889 4107 versuume'r'tuuctunaeuuee
898 4011 1177 4105 innotuisset&
