2566 4404
364 1335 414 1416 lle
440 1298 645 1419 notionibus
671 1343 949 1434 transferendis.

599 1531 700 1539 *-

209 1567 346 1688 Initium
380 1646 397 1690 a
433 1629 504 1691 noto
536 1627 589 1693 illo
620 1629 764 1709 loquendi
803 1655 865 1700 usu
905 1641 1075 1722 faciemus,
1107 1651 1175 1732 quod

122 1729 249 1796 effeetus
282 1732 332 1794 vel
366 1726 482 1811 statuo,
517 1736 568 1817 qni
601 1737 750 1813 efficitur,
784 1741 846 1823 ipsi
869 1746 1025 1817 efficienti
1047 1757 1092 1820 rei
1113 1757 1174 1822 sul

122 1839 244 1924 jieitnr:
279 1839 324 1903 sio
346 1841 384 1905 ob
405 1841 551 1924 pallorem
574 1845 687 1909 mortni
708 1866 798 1912 more
824 1851 968 1930 pallido
991 1860 1042 1935 lit,
1068 1862 1173 1946 federe,

122 1947 194 2031 quia
218 1963 361 2012 somnum
382 1969 464 2031 aegro
485 1952 584 2032 eripit
607 1952 689 2034 vdpdl
704 1954 804 2034 (XIII,
828 1960 917 2042 229),
943 1966 1056 2033 cicuta
1075 1970 1174 2053 polide

121 2056 207 2138 (VII,
229 2056 315 2136 206),
337 2056 439 2122 hiems
460 2058 613 2142 deformis
636 2061 702 2139 (IV,
725 2065 780 2143 58)
796 2070 935 2146 pecten,
959 2074 1036 2154 quia
1058 2080 1173 2144 chordas

123 2165 245 2245 crispat,
268 2164 397 2244 crispus
420 2167 485 2241 (VI,
509 2169 577 2245 32),
601 2172 719 2246 porta,
742 2189 812 2251 quae
834 2177 1041 2246 custodienda
1064 2188 1112 2250 est
1132 2188 1172 2250 do·

122 2273 207 2337 mino
229 2271 376 2349 sollicito,
399 2293 471 2349 non,
494 2276 641 2356 quomodo
675 2276 766 2358 vulgo
799 2278 964 2360 explicant,
993 2291 1051 2352 »ob
1075 2293 1172 2357 simili·

98 2373 261 2445 'tudinem
293 2385 388 2461 portae
422 2382 678 2465 oppugnationem
711 2386 878 2449 metuentis
915 2387 1057 2476 adeoque
1095 2399 1171 2463 valde
1210 2381 1212 2386 ¹

122 2489 288 2563 munita«,
311 2486 455 2552 solltoita
477 2490 541 2560 (cir.
564 2490 637 2552 Hor.
661 2488 723 2553 Sat.
748 2491 795 2566 ΙΙ,
820 2496 849 2568 6,
873 2496 915 2559 78
940 2496 981 2560 Si
1005 2505 1083 2582 quis
1104 2524 1170 2573 nmo

123 2596 240 2661 loeedot
251 2595 359 2660 Arelli
375 2595 542 2660 Sollicitas
563 2597 704 2677 tpoaros
726 2601 827 2680 opee);
843 2599 1007 2682 fenestrae
1031 2610 1168 2693 calipod-

124 2709 171 2771 tes
193 2707 258 2782 (VI,
282 2709 349 2779 31),
386 2708 415 2766 et
439 2704 533 2767 simili
562 2705 652 2768 modo
673 2704 811 2769 Hcemus
834 2710 866 2771 et
887 2708 1086 2794 Bathyllus,
1109 2720 1169 2802 quis

122 2814 156 2879 in
179 2815 282 2879 mimis
304 2812 414 2878 molles
436 2812 617 2875 feminarum
641 2815 743 2894 partos
764 2817 870 2896 agunt,
892 2818 1009 2884 molles
1034 2831 1169 2890 vocantur

124 2923 190 3005 (Vr,
214 2927 264 2998 63,
287 2922 344 2994 ΙΙΙ,
368 2921 431 2997 39).
482 2917 645 2983 Venenum
666 2920 799 3001 satyrum
826 2922 875 2984 vel
898 2927 1012 2990 atrum
1035 2933 1082 2997 vel
1107 2932 1168 2996 leot

122 3031 200 3095 dom
222 3036 284 3108 est,
319 3029 398 3090 unde
421 3030 511 3108 poeta
533 3027 626 3089 latius
656 3045 720 3090 rem
744 3029 893 3105 extendit,
931 3036 1028 3116 atque
1050 3038 1167 3105 livorem

123 3140 232 3202 veneni
254 3140 291 3202 ad
315 3136 432 3210 cibum,
459 3133 491 3197 in
513 3152 571 3215 quo
594 3153 744 3198 venenum
765 3135 852 3213 latet,
874 3139 1041 3222 transfert,
1075 3148 1121 3212 ita
1140 3150 1168 3211 nt

121 3246 262 3325 adoperto
285 3244 391 3309 matris
414 3242 554 3306 venefioae
580 3240 683 3305 livido
705 3242 781 3305 fiant
798 3243 864 3321 (Vl,
888 3247 973 3324 631).
1020 3251 1167 3330 Quemad-

123 3353 248 3416 modum
270 3355 384 3425 status‚
419 3349 472 3432 qui
494 3348 640 3428 eflicitur,
674 3349 812 3431 ipsimi,
842 3370 910 3432 quae
933 3355 996 3419 vim
1021 3360 1168 3425 efficiendi

45 3531 47 3534 ,
120 3459 233 3538 habet,
266 3459 461 3542 adjungitur,
496 3458 540 3521 sio
565 3459 681 3530 status,
715 3457 747 3520 in
776 3476 866 3539 quem
888 3478 1017 3540 persona
1040 3467 1166 3532 innidere

120 3566 210 3639 solet
233 3566 411 3629 attribulive
433 3566 461 3629 ei
482 3565 639 3628 interdum
662 3565 789 3641 additur,
813 3568 844 3629 et
869 3564 1007 3648 Codrus,
1033 3575 1106 3655 quia
1126 3594 1165 3639 re-

34 3674 39 3683 ’
120 3671 244 3738 ditando
265 3690 374 3736 raucus
396 3673 440 3739 lit.
463 3691 585 3735 raucus
607 3674 731 3735 vocatur
752 3672 790 3749 (Ι,
813 3675 859 3751 2),
888 3694 958 3738 oum
981 3696 1043 3758 quo
1065 3700 1123 3746 usu
1144 3683 1166 3745 is

122 3778 257 3867 proxime
279 3777 426 3856 oohaeret,
450 3780 528 3862 quod
553 3782 664 3848 slatus.
694 3778 746 3860 qui
768 3779 883 3843 actione
905 3781 1005 3847 adens
1028 3788 1165 3866 efficitur,

121 3886 183 3972 ipsi
204 3884 333 3948 aetionis
367 3886 484 3967 objemo
516 3886 713 3969 praedicative
746 3885 865 3950 additur
898 3905 946 3954 lex
974 3894 1166 3972 praedicativo

120 4013 151 4060 θ’
362 3993 375 4075 ἶΙ
400 4012 460 4058 usu
481 4015 516 4059 ea
537 3993 682 4076 loquendi
709 3993 822 4070 forma,
855 4012 921 4074 quae
943 3998 1092 4081 prolepsis
1115 4003 1165 4066 ad·
