2566 4404
455 220 498 272 lie
518 219 623 287 ellipsi.

132 421 197 485 icus
219 424 259 499 et,
281 421 399 485 veteris
421 422 513 485 rima
535 441 635 503 quum
657 423 738 487 teuit
759 423 894 502 biatum,

131 547 193 591 tros
208 528 371 609 pendente
386 528 481 610 jubet
502 528 644 593 dormire
665 530 774 595 ruina.

133 669 211 733 stira
236 669 344 750 quinta
365 688 384 733 a
406 690 433 734 v.
456 675 498 738 st
521 670 565 734 sic
587 671 735 752 scriptum
759 677 819 735 est:

130 819 148 883 i
168 822 252 885 ertiut
273 822 392 885 uestris
415 821 516 885 datur
537 820 681 896 alveolis
705 822 794 902 quad

131 947 175 991 ua
197 926 419 1008 Micipsarum
434 948 543 1010 prora
564 929 712 993 subvexit
734 932 842 1006 acuta,

130 1037 194 1114 pter
216 1033 304 1114 quod
324 1033 438 1098 Rama
459 1055 531 1099 eum
553 1035 720 1100 Boecbare
742 1056 834 1100 uerno
858 1035 998 1116 lavatur,

130 1138 151 1203 d
171 1144 258 1202 tutos
282 1141 381 1204 etiam
396 1141 485 1224 facit
506 1163 528 1205 a
549 1143 754 1223 serpentibus
776 1145 871 1221 atris,

129 1327 157 1372 ra
179 1309 311 1391 denique
336 1312 422 1374 serta
443 1311 553 1375 tertius
574 1311 658 1376 locus
681 1329 699 1374 a
721 1332 749 1376 v.
772 1314 836 1377 593
859 1312 903 1376 sic
925 1314 1056 1395 scriptus

132 1569 223 1649 jacet
245 1572 365 1632 aurato
388 1570 444 1632 aiu
466 1567 537 1632 ulia
553 1590 721 1651 puerpera
743 1568 831 1634 lecto.

128 1680 196 1737 turu
218 1679 307 1740 artes
329 1675 445 1753 baiae,
470 1680 598 1741 tautum
619 1676 836 1740 medicantiua
852 1680 1005 1757 possunt,

127 1801 132 1839 ι
153 1781 284 1846 steriles
295 1782 386 1864 facit
410 1787 509 1864 atque
531 1784 675 1849 homiues
703 1786 741 1848 iu
762 1787 871 1847 aeutre
893 1782 1064 1884 ueeauaios·

126 1886 225 1952 ducit.

124 2059 156 2121 in
179 2057 271 2122 satira
294 2061 388 2135 sexta,
412 2079 479 2140 quae
501 2063 566 2125 tota
588 2060 619 2123 iu
642 2059 824 2124 feminarum
847 2058 930 2122 vitiis
953 2057 1057 2139 exagi-

133 2168 286 2238 versutur‚
327 2166 568 2241 substantivum,
607 2167 687 2248 quod
710 2170 757 2230 est
770 2165 917 2249 seruitia,
952 2165 1056 2228 crebro

123 2272 203 2348 ittit,
239 2274 274 2335 ut
295 2291 349 2352 pro
372 2291 407 2337 eo
429 2273 573 2355 adjectivi
594 2292 690 2353 genus
713 2273 897 2337 femininum
918 2274 1056 2354 ponatlt,

123 2557 213 2611 erdum
232 2559 317 2612 etiam
337 2559 509 2625 adjectivum
533 2560 577 2612 vel
595 2561 792 2628 participium,
822 2562 897 2627 quod
923 2561 1055 2615 substan-

123 2658 129 2693 ι
149 2642 245 2708 aliquo
265 2642 362 2696 addito
382 2644 488 2697 certius
512 2643 623 2697 definiri
642 2644 731 2712 solet,
759 2646 807 2699 ubi
826 2646 905 2700 notio
925 2646 1055 2699 substen-

122 2764 129 2791 ,
149 2725 225 2791 quod
246 2725 441 2793 desideratur,
471 2728 644 2781 coherentia
663 2731 801 2783 sermonis
821 2730 891 2783 setis
911 2729 1056 2796 definitur,

129 2810 260 2877 ponitur,
289 2816 321 2863 ut
339 2811 507 2864 substantivi
527 2812 670 2866 notionem
696 2814 853 2866 contineat:
878 2813 909 2866 V.
929 2816 963 2870 30
998 2815 1055 2879 Ipse

121 2894 184 2944 iloto
202 2895 319 2958 diffmum
339 2896 531 2961 consulemini,
561 2903 589 2948 et
608 2896 779 2964 adjectivum
798 2897 842 2950 vel
861 2898 1052 2965 participium,

121 2984 263 3031 acertum
284 2979 489 3033 substantivum
509 2995 622 3046 semper
638 2980 759 3048 auditur,
778 2981 863 3034 huius
883 2980 1053 3034 substantivi

120 3076 173 3114 iere
200 3078 253 3128 pro
273 3063 452 3116 substantivo
472 3065 577 3131 saepius
596 3066 720 3131 ponitur.
758 3065 827 3132 Hic,
856 3065 987 3130 quoniam
1006 3078 1052 3117 res

119 3146 224 3212 tonuit,
245 3147 398 3215 adjectiva,
429 3162 490 3212 quae
511 3163 527 3200 a
545 3147 682 3201 iuvenale
701 3165 752 3216 pro
772 3147 957 3201 substantivis
977 3147 1052 3200 inso-

119 3230 173 3283 tius
192 3237 345 3296 ponuntur,
367 3246 523 3297 congeram.
559 3232 644 3287 Sunt:
675 3243 760 3283 taurea
779 3232 911 3299 (scutica)
932 3231 1051 3298 Vitat

118 3323 161 3364 cta
180 3315 276 3380 (aqua)
313 3314 395 3376 V50,
420 3316 545 3366 Tiberinus
565 3318 673 3385 (piscis)
708 3316 742 3382 V,
771 3318 833 3381 103,
857 3317 942 3366 lanata
970 3316 1051 3383 (ovis)

119 3397 140 3462 Ι,
160 3400 312 3464 155,fietile
333 3401 406 3464 (vas)
425 3399 476 3465 ΙΙΙ,
496 3402 556 3466 168,
575 3401 609 3467 Χ,
628 3404 669 3462 26,
687 3403 790 3467 penulis
809 3402 926 3465 (lectus)
944 3399 978 3467 X,
989 3402 1049 3467 331,

118 3499 162 3532 tune
181 3481 296 3546 (vinum)
314 3482 389 3548 XIV,
408 3486 466 3550 271,
486 3485 563 3535 mollis
581 3489 625 3548 (=
645 3485 791 3551 cinaedus),
817 3485 939 3552 zelotypus
956 3485 1052 3550 (mari-

117 3565 581 3636 tVIII,191;praecepe(X‚101,hcc
593 3570 822 3637 adJectivumvix,
831 3575 863 3621 ut
871 3568 958 3636 vulgo
970 3569 1051 3622 intel-

117 3656 171 3716 tut,
199 3651 458 3718 praecipitationem
479 3652 568 3707 solam
587 3653 746 3719 significat,
772 3653 821 3706 sed
841 3659 870 3704 et
888 3653 1046 3721 praecipita·

116 3741 207 3787 temet
217 3737 339 3803 spatium
352 3750 434 3788 casus
445 3736 595 3804 immanis),
605 3737 1045 3804 abortivam,ll‚3t‚secretumlllpu,

116 3819 196 3884 minio,
202 3820 295 3870 Latina
306 3821 372 3882 (via)
384 3822 405 3887 Ι,
416 3823 475 3877 171.
484 3820 516 3885 V,
528 3825 575 3887 553
589 3822 750 3887 Venafrauum
762 3820 1049 3889 (oleumjvptaontus

119 3903 152 3958 93
160 3902 282 3969 (priores
297 3905 393 3954 Jonium
405 3905 467 3957 scil.
480 3919 556 3957 mare
568 3905 673 3972 dicunt,
686 3905 911 3959 cfr.cutemHor.
920 3902 1014 3970 Epod.
1023 3903 1048 3954 X

115 4004 127 4038 e
147 3988 257 4053 Jonius),
281 3988 440 4055 Crystallina,
460 3989 596 4057 Myrrhina
614 3991 706 4058 (iusti
720 3989 847 4058 Viji's'sj
863 3999 896 4042 et
908 3986 1061 4040 mcumbb‘xs

112 4085 155 4122 um
174 4065 383 4135 adjectivorum
396 4074 574 4140 adjectivum
595 4077 725 4132 aiterum
738 4067 1087 4146 adjunctissimam

879 4156 936 4210 iu*
