2566 4404
346 213 388 265 Ile
408 212 541 266 liberiore
561 212 706 266 verborum
724 213 829 282 positu.
1065 216 1105 278 47

94 415 171 480 cleri
192 421 283 498 atque
296 416 395 496 spira
409 415 661 496 significationem
683 417 801 491 attinet,
820 416 965 482 Garrucio
987 418 1107 481 obtem-

94 525 229 589 crandum
263 527 318 598 eet,
353 524 518 604 praesertim
553 543 646 606 quum
680 524 790 588 veteris
822 525 992 590 scholiastae
1016 524 1106 589 verba

94 652 142 696 mc
175 631 401 714 explicationem
436 633 659 708 commendent,
693 638 724 695 et
755 632 911 714 adjectivi,
946 633 1025 715 quod
1058 636 1105 697 est

94 758 168 821 ape,
191 740 373 823 significatio
395 739 439 804 sic
459 739 638 816 illustretur,
661 758 720 821 quo
737 739 862 813 accedit,
886 741 966 822 quod
989 740 1104 804 retiarii
1174 783 1178 788 -

94 847 144 911 udo
176 847 275 929 eapite
307 865 440 929 pugnare
473 847 622 917 dicuntur,
655 847 708 911 sed
733 847 1003 930 quomodocunque
1041 850 1105 911 haec

94 958 143 1032 nt,
166 954 314 1020 enarratio
336 953 507 1018 scholiastae
528 955 695 1027 nerinorum,
728 973 796 1036 quae
819 957 892 1019 sunt
923 955 1042 1019 taaicae
1066 954 1104 1020 de

94 1063 221 1140 acidas,
244 1082 280 1127 ea
300 1063 337 1127 de
360 1080 467 1126 caussa
483 1062 585 1125 miuus
600 1061 708 1143 placet,
731 1063 810 1142 quia,
824 1061 906 1126 licet
926 1061 981 1126 illa
1003 1063 1103 1143 uerba,

94 1171 137 1236 rod
163 1188 221 1235 non
244 1172 340 1244 credo,
369 1172 484 1234 certam
505 1157 622 1233 vestem
643 1156 1009 1252 gladiatoriam'inuioare
1032 1190 1104 1252 pos-

96 1281 131 1350 rt,
149 1278 293 1361 junctura
315 1279 483 1352 verborum,
513 1283 663 1358 quaeest:
702 1275 879 1342 Credamus
912 1279 1033 1341 tunica
1065 1278 1104 1343 de

97 1386 343 1466 ambasciaco
371 1405 468 1469 qaam
500 1403 534 1449 se
565 1403 640 1468 spa,
664 1403 759 1466 neque
788 1405 856 1449 cum
878 1379 1037 1450 luvenalis
1058 1385 1101 1450 lo-

99 1493 172 1558 endi
195 1513 252 1568 usu
274 1494 423 1576 eongmit,
445 1511 543 1575 neque
565 1491 623 1557 loci
646 1492 842 1557 difficultates
866 1493 957 1558 tollit.
995 1493 1102 1575 Ipsum

101 1603 138 1666 lm
163 1601 305 1674 verbum,
332 1602 411 1684 quod
443 1605 490 1666 eet
505 1602 670 1682 perticat,
704 1600 1022 1665 commemorationem
1047 1604 1102 1665 eut

103 1706 123 1782 i,
147 1728 207 1792 quo
229 1714 338 1785 motus,
362 1708 467 1790 quiin
489 1709 690 1786 verhoineet,
714 1709 818 1781 tendit,
843 1713 897 1772 aut
917 1707 986 1782 loci,
1021 1709 1099 1773 unde

105 1818 161 1881 tus
183 1817 252 1891 erit,
275 1819 378 1898 aperte
401 1815 563 1892 desiderat,
597 1834 748 1898 quumque
778 1833 864 1880 uoces
887 1816 926 1880 de
939 1814 1099 1898 scaettas

107 1924 238 2001 ecedant,
260 1925 307 1987 hae
331 1924 492 2000 notionem,
515 1941 581 2004 quae
604 1923 800 2000 desideratur,
835 1923 1003 1988 necessario
1026 1942 1098 1987 con-

110 2035 165 2105 ant,
199 2031 394 2113 quamobrem
426 2052 444 2095 a
476 2031 565 2095 verbo
587 2031 641 2095 illo
663 2031 766 2096 diuelli
794 2049 853 2095 non
887 2033 1032 2113 possunt3
1066 2030 1098 2095 in

112 2157 183 2221 uque
206 2139 312 2203 deinde
335 2139 423 2204 verbo
446 2139 612 2221 (poemat
643 2141 675 2202 et
699 2139 863 2222 jactetur)
902 2138 974 2203 talis
997 2142 1097 2202 mutus

115 2246 141 2310 ti
164 2247 345 2329 significatio
372 2247 459 2320 inest,
492 2250 528 2310 ut
549 2247 700 2310 neminem
724 2248 761 2310 ad
783 2246 874 2310 verba
899 2246 1099 2328 praecedentis

117 2373 159 2418 ms
172 2353 267 2438 sapit
288 2352 511 2437 aquascalidas
533 2358 563 2418 et
583 2354 739 2436 vulgarem
762 2359 858 2435 poetae
877 2345 983 2427 usum,
1017 2353 1096 2435 quod

119 2462 197 2527 aun
230 2462 331 2544 aliquo
359 2462 457 2544 posito
480 2463 632 2526 notionem
657 2462 721 2526 eius
743 2461 805 2526 elia
826 2461 980 2525 orationis·
999 2461 1097 2525 forma

120 2568 196 2635 itata
218 2570 330 2634 certius
352 2568 482 2645 definiat,
504 2570 670 2634 attendisse
691 2570 864 2655 mirandum
889 2570 938 2632 sit.
972 2568 1094 2632 Faciem

124 2678 181 2740 achi
213 2676 376 2759 pugnantis
409 2681 593 2758 spectatores
624 2679 735 2759 partim
769 2678 806 2741 ob
836 2676 969 2758 spatium
994 2695 1095 2740 arenae

126 2784 254 2867 rjectum,
286 2784 399 2866 partim
432 2784 469 2848 ob
501 2786 620 2849 vultum
642 2786 675 2849 in
696 2785 856 2849 adversarii
880 2786 980 2848 motus
1002 2788 1094 2865 atque

128 2909 156 2956 os
176 2894 329 2957 attentum
358 2910 520 2974 agnoscere
547 2911 606 2956 non
639 2895 786 2974 poterant,
820 2893 873 2957 sed
905 2911 1000 2974 quum
1035 2890 1094 2954 reti

129 3016 162 3061 ua
179 3000 266 3083 jacto
279 2997 420 3082 saperet,
439 3018 546 3081 ,quum
575 3001 687 3064 nudum
716 3001 754 3064 ad
776 3000 950 3082 spectacula
973 2998 1094 3062 vultum

131 3110 181 3171 aret
203 3112 235 3170 et
253 3106 319 3189 jam
341 3107 411 3171 huic
428 3108 494 3190 jam
523 3107 570 3171 illi
593 3108 808 3189 amphitheatri
831 3108 910 3190 parti
932 3105 1093 3188 apprepin-

132 3215 165 3291 ei,
187 3214 327 3302 omnibus
349 3214 587 3296 apaosceadam
615 3234 646 3279 se
669 3216 829 3298 praebebat.
873 3215 967 3278 Poeta
1000 3215 1093 3280 verba

133 3321 474 3404 lapaosccadcsmure
496 3341 551 3386 suo
573 3323 685 3410 certius
700 3324 846 3388 definiens
867 3341 990 3386 versus:
1018 3321 1092 3385 Ure-

135 3445 164 3492 as
185 3431 304 3495 tamicae
326 3430 364 3495 dc
377 3431 534 3513 faacc'das
562 3450 626 3513 sqq.
649 3432 741 3509 addit,
763 3431 871 3512 quihus
893 3430 995 3512 ipsum
1022 3449 1091 3494 cur·

143 3541 168 3602 et
189 3540 294 3622 fugam
319 3538 448 3604 Gracchi
469 3539 618 3620 exprimit,
641 3533 833 3619 quamobrem
854 3537 947 3603 verba
971 3537 1096 3602 thadaee

137 3647 264 3722 aacc'das,
292 3667 360 3729 quae
382 3647 485 3712 divelli
507 3665 566 3710 non
590 3649 724 3728 pessunt,
757 3646 835 3726 quod
859 3650 948 3710 vetus
971 3663 1090 3732 quoque

138 3749 221 3820 iaetes
252 3754 345 3818 aliam
372 3755 411 3820 iis
434 3754 687 3838 significationem
708 3754 864 3836 adfingens
886 3755 971 3817 recte
989 3751 1088 3817 intel-

150 3878 242 3944 ueque
264 3879 284 3926 a
304 3855 402 3938 verbo,
425 3863 505 3945 quod
528 3861 753 3942 estPorrc'pat,
776 3861 879 3925 divelli
901 3863 1032 3943 possunt
1054 3863 1084 3923 et

141 3970 259 4049 quentia
281 3970 370 4063 verba
391 3971 547 4035 referenda
566 3973 656 4055 pauni:
896 3965 898 3968 ’
1163 3952 1164 3955 “
