2566 4404
435 243 475 296 lle
495 242 602 311 allipai.

140 445 231 510 aulas
253 449 284 510 ct
306 445 409 529 dioilo
423 444 594 536 'mendicat
618 444 724 509 Pollio
747 445 844 512 nudo.

139 554 366 634 apraematara'
387 545 519 626 cineres,
542 572 599 616 racc·
613 551 722 635 fanus
744 553 895 616 acerbum

139 661 242 736 norim
265 660 323 724 sed
343 662 444 723 morte
465 660 573 740 mucis
594 658 766 724 metuendo
787 662 941 724 seneclus.

138 766 332 848 plerumque
352 765 496 847 prodas:

138 978 164 1042 is
187 980 323 1042 versibus
346 978 522 1042 enarrandis
543 977 718 1063 Rupertina
742 996 832 1059 quern
855 979 1038 1043 recentiores

136 1104 164 1160 r,
188 1085 301 1148 veteris
324 1086 497 1149 scholiastae
510 1085 741 1170 explicationem
763 1102 840 1149 »uon
851 1086 1037 1168 praematuri,

136 1209 168 1257 >n
192 1192 291 1273 magis
312 1192 476 1263 metuenda
498 1209 579 1256 mors
607 1191 638 1254 iu
657 1192 786 1274 juventa
815 1192 1037 1256 luxuriantibus

135 1301 260 1362 nectus«
287 1315 417 1377 sequens
445 1296 624 1361 haecdicit:
663 1297 764 1361 »Mors
795 1303 979 1383 praematura
1007 1304 1038 1364 ct

135 1404 212 1468 rinus
233 1403 397 1467 metuenda
428 1410 476 1466 est
497 1403 622 1466 luxuria
651 1403 680 1467 h.
705 1422 728 1467 c.
754 1403 914 1468 luxuriosis
938 1405 1037 1468 homi-

133 1529 205 1591 nam
229 1514 369 1574 senectus
407 1513 439 1573 et
461 1509 574 1573 morbis
607 1513 642 1572 et
670 1508 751 1573 fame
780 1509 933 1583 laborans,
971 1529 1037 1592 quaa

133 1637 167 1679 na
190 1620 237 1680 cst
255 1616 433 1680 helluonum
456 1616 695 1680 ethelluationis
715 1635 826 1698 poena3
848 1616 908 1680 nisi
930 1635 1036 1681 sensus

136 1743 166 1786 rs
196 1723 226 1784 in
249 1722 379 1785 infantia
410 1723 460 1786 vel
487 1723 519 1786 in
545 1724 707 1805 juventute
740 1724 903 1787 luxuriosis
935 1724 1036 1787 minus

131 1847 146 1892 a
170 1831 224 1906 est,
247 1847 338 1909 quam
361 1832 512 1892 senectus.
559 1829 638 1892 Nam
662 1849 742 1894 mors
764 1830 929 1893 infantium
952 1831 1034 1893 dice·

131 1935 227 2008 rerba,
263 1936 412 2018 juvenum
448 1935 610 1999 immatura
634 1943 666 1998 et
704 1955 812 2000 senum
850 1937 1028 2000 naturalis«

130 2042 272 2105 lomnes
302 2043 420 2104 veteres
455 2044 577 2105 autores
615 2060 696 2106 mors
719 2048 903 2124 praematura
937 2046 1028 2124 atque

129 2148 285 2212 luxuriosis
325 2149 488 2211 metuenda
527 2166 594 2212 esse
640 2147 751 2212 dicitur
798 2150 862 2226 (cfr.
906 2151 932 2223 Ι,
971 2155 1028 2214 144

129 2256 209 2319 bite
231 2258 376 2331 mortes),
411 2259 442 2317 ct
470 2254 541 2335 quid
563 2255 621 2318 hoc
643 2255 701 2318 sibi
724 2255 806 2319 vnit:
844 2275 944 2319 »mors
967 2274 1026 2319 non

128 2383 140 2426 a
164 2364 212 2425 est
234 2362 285 2424 sed
303 2364 400 2424 morte
425 2361 522 2442 magis
546 2364 716 2435 senectus«,
739 2363 790 2424 ubi
815 2362 887 2424 talis
909 2380 1030 2443 compa-

127 2468 276 2541 rtituitur‚
314 2471 349 2529 ut
382 2467 511 2530 alterum
545 2470 687 2549 negetur,
716 2466 845 2530 alterum
880 2468 924 2543 ei,
949 2469 1028 2548 quod

136 2575 356 2656 praeterendum
382 2592 448 2637 esse
466 2574 608 2637 dicatur?
632 2575 726 2637 Poeta
748 2578 829 2637 certe
842 2593 903 2638 non
924 2578 1026 2656 negat,

126 2699 187 2744 ram
212 2683 302 2760 atquc
325 2679 466 2743 acerbam
489 2685 618 2744 mortem
645 2680 809 2744 luxuriosis
831 2682 1027 2745 metuendam

125 2786 459 2861 ‚talibushominibua
482 2805 557 2868 quos
581 2787 689 2872 opibus
701 2788 841 2850 omnibus
863 2805 1026 2869 consump-

124 2914 149 2957 rs
187 2898 328 2957 senectus
367 2911 455 2957 mane
475 2896 508 2965 t,
553 2912 612 2955 nou
646 2900 860 2975 praematuram
895 2897 1026 2957 mortem

123 3003 238 3065 ctutem
259 2999 455 3089 metuendam
479 3019 545 3063 esse
566 2999 649 3062 dicit.
684 2999 921 3074 substantivum,
947 3001 1025 3081 quod

125 3107 194 3182 rice,
228 3123 288 3170 non
316 3107 419 3170 dativo
451 3107 503 3170 sed
527 3106 668 3189 genetivo
699 3125 771 3170 casu
803 3106 938 3189 positum
967 3112 1023 3171 est.

122 3233 134 3276 r
156 3213 239 3276 enim
261 3214 444 3295 interrogat:
480 3212 558 3291 Quis
580 3218 611 3277 te
634 3213 773 3276 omnibus
795 3214 885 3276 rebus
909 3214 970 3278 tuis
992 3215 1023 3277 in

123 3321 232 3382 mersis
244 3323 346 3383 manet
370 3319 491 3383 exitus?
514 3323 545 3383 ct
557 3319 733 3404 respondet:
757 3320 826 3384 Non
847 3321 1024 3402 praematuri

120 3426 237 3490 cineras
259 3444 355 3507 neque
371 3427 461 3488 funus
484 3427 548 3489 eins
561 3426 700 3489 acerbum
718 3429 932 3506 sedsenectus,
956 3447 1022 3509 quae

119 3544 181 3596 ram
203 3551 286 3596 mors
308 3533 471 3596 metuenda
492 3537 548 3596 ost.
571 3533 683 3597 Versus
706 3535 778 3608 duo,
803 3535 853 3615 qui
875 3537 954 3600 inter
976 3537 1021 3601 in·

119 3657 206 3702 onem
228 3644 259 3703 et
281 3658 458 3721 responsum
479 3640 652 3720 interpositi
684 3647 771 3718 sunt,
806 3643 1022 3708 coherentem

140 3745 393 3822 obscuraverunt,
422 3747 474 3809 sed
497 3766 590 3828 quum
614 3765 762 3827 nusquam
784 3750 863 3828 apud
884 3750 1021 3814 Juvena-

117 3853 336 3931 rparenthesis
369 3853 449 3915 inter
479 3853 747 3934 interrogationem
783 3858 814 3918 et
841 3874 1020 3936 responsum

116 3960 168 4021 tur
197 3958 262 4038 (cir.
285 3959 322 4034 X,
352 3963 420 4032 110,
447 3962 532 4036 1511),
568 3977 665 4041 neque
687 3978 837 4042 usquam„
867 3962 1023 4024 utitatis

109 4064 160 4127 rtio
170 4065 302 4143 praecedi
305 4068 325 4144 t,
338 4083 526 4149 responsum
539 4067 750 4148 desideretur,
761 4083 1052 4152 duumousuersus

849 4171 904 4225 tt*
