2566 4404
312 187 315 192 ’
400 201 443 255 De
461 201 607 268 particulis
628 202 804 270 copulativis.
996 230 998 235 ·
1077 209 1117 273 63

104 403 225 468 rrtieula
246 405 401 487 geminata
423 409 503 482 etet,
522 405 573 470 ubi
590 382 648 470 duo
665 406 855 471 substantiva
872 408 918 472 vel
940 410 1117 490 pronomina

105 515 257 595 ¹aguntur,
282 514 380 596 priore
401 513 466 578 loco
488 532 548 597 pue
569 533 648 597 saepe
670 514 801 596 ponitur,
829 532 896 579 raro
924 521 1027 581 tamen
1049 518 1115 582 duae

162 687 205 691 -....
215 687 246 692 -..
253 687 1109 700 *m—————

145 784 222 837 tione
242 784 383 852 exposuit,
404 791 433 838 et
451 783 497 851 qui
516 799 606 851 nequo
627 801 687 839 cum
706 786 814 840 Horatii
833 801 924 853 neque
944 802 1004 839 cum
1024 787 1115 841 Ovidii

146 869 235 935 magis
255 884 337 936 quam
357 884 418 922 cum
436 869 579 923 luvenalis
599 868 731 936 loquendi
757 886 810 924 usu
838 870 974 938 congruit,
999 871 1114 939 probari

147 961 221 1007 certe
240 954 347 1020 nequit,
366 961 396 1008 et
413 954 458 1006 vix
476 954 601 1007 adducor
618 962 649 1007 ut
668 955 789 1021 credam,
812 969 976 1022 quemquam
1001 961 1114 1023 poetam

144 1039 172 1090 in
190 1039 340 1106 particulis
361 1038 544 1106 conjunctivis
562 1039 700 1105 ponendis
719 1039 825 1106 regulis
845 1040 905 1092 fixis
924 1040 1013 1107 magis
1033 1054 1114 1105 quam

144 1123 274 1176 metricis
285 1123 442 1177 rationibus
454 1129 490 1189 et,
509 1129 640 1189 quantum
660 1123 758 1189 lingvae
777 1123 855 1191 leges
875 1124 999 1190 siverint,
1019 1124 1112 1179 studio

143 1209 427 1274 suoobtemperasse.
454 1208 515 1261 Hoc
535 1215 610 1261 certe
629 1208 727 1275 negari
745 1223 799 1261 nou
817 1213 921 1275 potest,
940 1214 1040 1275 poetas
1050 1224 1112 1276 par-

143 1293 239 1345 ticulae
251 1292 389 1346 interdum
401 1291 570 1358 singularem
589 1292 821 1359 significationem
840 1291 981 1358 subjicere
1001 1300 1030 1345 et
1049 1308 1112 1346 con·

142 1376 217 1430 sulio
244 1377 317 1430 hauc
344 1392 399 1430 non
426 1377 501 1430 illam
527 1391 643 1443 ponere,
663 1392 757 1429 verum
774 1381 804 1430 in
822 1377 885 1443 ipsa
902 1376 1043 1443 particula
1062 1377 1112 1430 illa

142 1461 312 1528 significatio
331 1455 394 1514 raro
414 1462 495 1521 inest,
523 1461 613 1515 oratio
637 1467 731 1514 autem
755 1462 780 1513 ei
805 1476 866 1513 eam
891 1460 1027 1514 attribuit.
1064 1461 1111 1515 Sic

139 1545 183 1598 W.
201 1546 348 1612 particulae
375 1556 445 1611 atque
470 1547 523 1598 vim
545 1547 573 1598 in
599 1546 746 1598 contrariis
766 1546 929 1613 copulandis
950 1547 1025 1599 cerni
1045 1563 1111 1600 con-

139 1629 241 1696 tendit,
273 1638 301 1684 et
328 1631 410 1683 affert
428 1631 598 1698 exemplum:
626 1631 713 1682 Noctes
731 1641 799 1696 atque
816 1631 866 1681 dies
884 1633 965 1695 (Aen.
984 1631 1030 1697 VI,
1050 1633 1111 1698 127)

140 1714 193 1768 sed
219 1715 266 1774 tx,
285 1717 336 1771 488
358 1715 447 1766 Noctes
473 1714 568 1780 uaeque
594 1715 729 1782 scriptum
756 1724 815 1781 est;
842 1715 915 1769 idem
942 1717 1109 1784 particulam

138 1798 241 1854 erebro
258 1801 326 1868 poni
346 1800 425 1866 dicit,
443 1800 490 1852 ubi
509 1800 616 1866 aliquid
637 1800 768 1854 celeriter
785 1800 846 1853 fieri
865 1801 1012 1866 indicetur,
1031 1807 1062 1853 ut
1080 1801 1109 1872 ip

137 1887 210 1937 Aen.
220 1885 268 1938 lib.
285 1886 299 1938 Ι
317 1888 384 1942 v.82
401 1885 498 1951 Impulit
516 1886 540 1935 in
559 1885 629 1951 lutus,
648 1904 678 1935 ac
694 1887 781 1938 venti..
795 1885 849 1944 Qua
868 1886 927 1936 data
942 1895 1015 1950 porta
1033 1896 1111 1947 ruurrt,
1198 1941 1202 1950 ¹

137 1977 169 2023 et
186 1970 250 2022 hinc
268 1971 439 2037 praecedenti
457 1970 603 2037 particulae
627 1972 668 2021 aix
694 1970 821 2037 copulam
842 1969 979 2022 interdum
999 1969 1109 2037 subjici,

136 2062 172 2107 ul
189 2054 215 2106 in
234 2056 305 2108 Aen.
323 2055 358 2120 II,
377 2056 428 2111 69'2
452 2055 498 2105 Via
515 2072 544 2105 ea
553 2055 628 2119 satus
646 2065 698 2104 erat
715 2056 801 2120 senior,
818 2057 935 2119 subitoque
945 2056 1050 2121 sraqore
1068 2055 1109 2106 In-

138 2141 223 2205 tonuit,
253 2138 303 2192 sed
329 2146 416 2206 poeta
438 2139 584 2205 particulae
603 2139 708 2192 nullam
728 2138 883 2192 celeritatis
902 2143 1043 2193 notionem
1062 2140 1109 2195 ad·

137 2222 228 2290 fingit,
257 2238 318 2289 quae
345 2225 375 2276 in
398 2225 438 2274 six
460 2230 488 2275 et
507 2223 708 2276 sententiarum
723 2224 856 2291 junctura
874 2224 945 2276 latet
964 2223 1109 2291 (Virgilius

134 2308 225 2362 multo
242 2308 345 2374 saepius
364 2325 432 2372 psum
452 2323 532 2375 quam
549 2308 786 2375 copulamponit)‚
804 2323 893 2375 neque
912 2309 958 2362 hic
978 2309 1110 2374 loquendi

136 2408 207 2446 usus
235 2408 269 2445 ex
295 2392 389 2459 priore
418 2399 494 2446 ortus
523 2397 574 2459 est,
602 2399 631 2445 et
654 2391 677 2445 si
701 2398 785 2459 poete
807 2408 857 2459 pro
875 2393 1016 2460 particula
1033 2413 1063 2444 ac
1080 2393 1109 2446 in

133 2478 231 2546 priore
260 2477 387 2544 exemplo
414 2478 558 2544 posuisset
585 2475 749 2544 asyndeton,
770 2477 867 2530 eadem
887 2507 919 2535 —:
938 2478 1027 2545 major
1051 2481 1107 2531 for-

136 2569 214 2616 tasse
233 2591 266 2600 —
286 2562 444 2615 celeritatis
462 2562 539 2614 notio
559 2561 669 2614 inisset.
712 2560 846 2629 Virgilius
872 2581 902 2612 ac
928 2563 1016 2629 pouit,
1043 2563 1108 2628 quia

136 2647 192 2700 hac
210 2646 350 2714 particula
376 2646 553 2713 sententiam,
582 2660 643 2711 quae
671 2646 799 2699 effectum
817 2647 939 2700 actionis
958 2647 1106 2700 sententiae

130 2745 300 2800 praegressae
321 2731 457 2798 exprimit,
477 2730 629 2797 adjungere
642 2731 723 2790 solet,
743 2741 770 2783 ct
789 2731 1108 2797 sicluvenalisquoque

134 2815 163 2868 in
183 2823 236 2868 sat.
244 2814 297 2867 XII
306 2831 330 2867 V.
345 2818 378 2869 55
398 2815 481 2868 dixit:
500 2815 617 2866 Adversis
634 2817 768 2882 serpentibus
785 2815 840 2865 illuc
849 2817 957 2882 Decidit,
976 2827 1001 2866 ut
1019 2817 1106 2867 molum

129 2902 204 2966 ferro
220 2902 378 2964 summitteret,
407 2919 436 2951 us
453 2919 478 2951 se
494 2901 611 2966 Explicat
634 2909 758 2967 aequatum
782 2901 831 2953 cir.
852 2898 894 2964 VI,
919 2903 968 2956 423
996 2901 1107 2952 Callidus

130 2995 152 3036 et
170 2985 251 3034 cristae
268 2985 354 3050 dipitos
370 2987 489 3051 impressit
510 2985 598 3051 aliptes
616 2987 655 3035 Ac
675 3001 785 3035 summum
808 2985 906 3035 docuisses
920 2986 1006 3050 femur
1024 2985 1103 3034 exclu-

131 3087 199 3121 mare
215 3071 298 3135 coepit.
328 3069 400 3136 Quia
418 3081 439 3121 et
457 3070 556 3124 deinde
577 3069 746 3135 indignantis
766 3069 811 3135 sit,
830 3069 903 3122 idem
922 3069 964 3121 W.
983 3069 1011 3120 in
1029 3072 1100 3121 Aen.

132 3154 263 3220 illlata:
286 3155 367 3221 Terqa
375 3155 451 3205 dabo?
467 3165 489 3204 et
502 3155 605 3205 Turnum
615 3155 747 3220 sapientem
756 3154 805 3204 lma
815 3164 881 3204 terra
899 3153 1004 3203 videbit?
1028 3158 1104 3219 part.

132 3243 271 3302 amostra
282 3239 406 3306 codices)
417 3239 570 3293 desiderari
580 3253 667 3306 posse
677 3244 771 3304 negat,
791 3238 841 3291 sed
860 3254 923 3291 num
942 3236 1020 3303 prior
1040 3252 1101 3290 sen·
1179 3227 1181 3230 ’

133 3324 217 3376 tentia
239 3324 329 3376 minus
347 3323 517 3391 indignantis
535 3325 599 3377 esti
625 3325 659 3374 Et
677 3321 806 3388 denique,
824 3336 858 3374 ne
877 3321 960 3388 plura
979 3321 1104 3391 afferam,

133 3407 271 3474 adjectum
283 3405 317 3460 'in
336 3408 459 3462 sollicito
479 3408 654 3461 metuvdicit:
680 3409 749 3460 Aen,
771 3407 792 3472 Ι,
811 3407 861 3462 670
878 3408 950 3457 Hanc
969 3407 1102 3457 Phoenissa

134 3502 185 3543 tenet
262 3502 283 3542 ct
299 3510 389 3559 vereor,
408 3509 452 3557 quo
464 3492 607 3544 ¹seJtmonio
624 3491 849 3557 vertantHospitia,
871 3490 922 3544 sed
940 3498 1027 3559 poeta
1046 3492 1100 3544 hac

134 3579 191 3644 Ipsa
210 3576 413 3642 significatione
440 3595 469 3626 ac
494 3590 600 3643 ponere
632 3576 714 3629 solet.
750 3575 893 3628 Particula
920 3586 942 3626 et
971 3583 1047 3628 certe
1072 3583 1101 3628 et

136 3661 297 3728 ndignantis
317 3666 346 3714 et
363 3661 492 3714 minantis
512 3668 541 3714 et
564 3660 692 3713 mirantis
721 3666 773 3726 est,
802 3659 852 3712 sed
871 3659 953 3713 motio
972 3661 1007 3713 iis
1026 3660 1104 3713 locis⁴

135 3761 187 3799 raec
206 3744 375 3812 significatio
394 3750 422 3798 in
440 3747 580 3814 particula
596 3746 680 3810 inest,
699 3744 800 3810 quibus
811 3750 859 3797 aut
876 3759 975 3798 novam
988 3753 1101 3798 senteu-

136 3832 195 3884 iam
223 3844 239 3882 a
265 3830 439 3897 praecedeuti
462 3831 601 3884 seclusam
628 3829 735 3897 incipit,
760 3844 851 3895 neque
880 3829 940 3881 ulla
968 3830 1029 3882 eius
1048 3845 1099 3896 po·

136 3916 224 3968 rendae
244 3930 345 3968 caussa
362 3915 389 3967 iu
409 3915 609 3968 sententiarum
625 3915 759 3981 junctura
776 3914 859 3981 inest,
878 3914 972 3967 autin
992 3927 1100 3966 caesura

137 4000 168 4053 rel
187 4000 267 4055 initio
286 4015 385 4054 versus
403 3999 497 4067 posita
515 3998 650 4066 singulari
667 3999 694 4052 vi
716 3999 831 4052 effertur
858 3997 910 4050 cfr,
930 3997 1007 4062 virg.
1028 3999 1098 4049 Aen.

138 4086 147 4152 '‚
174 4087 218 4153 48,
237 4085 284 4152 VI,
303 4086 361 4140 807.
397 4084 446 4155 Sic
472 4083 557 4136 etiam
582 4083 726 4137 luvenalis
754 4097 816 4136 eam
841 4083 940 4152 ponite
963 4083 1041 4149 usi
1071 4081 1105 4130 Et
1131 4100 1141 4114 *>
