2566 4404
95 40 216 159 s

17 168 93 239 ,os
170 193 214 254 74
354 189 357 195 '
497 187 539 238 De
558 184 708 253 particulis
729 183 905 251 copulativis.

258 392 292 453 ln
317 390 411 453 satira
434 393 525 463 sexta,
549 389 599 452 ubi
623 390 712 469 pocta
734 388 764 450 in
787 387 915 450 feminas
938 387 1042 452 doctam
1061 389 1220 463 invehitur,

171 517 262 580 quent
285 496 384 560 locum
410 497 448 560 ob
465 495 727 576 transpositionem
748 513 898 567 versuum,
922 498 1015 576 qnam
1026 491 1221 559 Heinriehi'ns

171 605 343 668 neeessano
366 603 568 666 adhibendam
593 621 659 666 esse
684 601 816 677 censuit·
845 602 971 682 posthac
1004 619 1220 667 commemora·

171 711 283 786 bimus,
307 730 325 774 a
347 731 374 773 v.
391 715 449 774 451
476 709 508 772 hi
530 728 634 773 versus
657 710 763 789 scripti
787 712 872 772 suot:

890 859 953 924 Odi

155 964 162 975 ’
214 969 315 1032 Horae
337 987 408 1049 eoo,
435 985 506 1045 qoae
528 967 643 1046 repetat
664 966 826 1047 volvitque
848 966 1049 1032 Polemonis
1071 970 1177 1031 artem

216 1075 357 1139 Servata
378 1094 504 1154 semper
526 1072 593 1155 teoe
615 1077 645 1137 et
667 1075 795 1137 ratione
818 1074 979 1156 loquendi,

213 1182 413 1263 Iyootosooe
435 1182 515 1245 rothi
538 1185 622 1245 terret
643 1182 837 1263 antiquario
858 1201 982 1259 aereos,

215 1289 284 1352 Nee
312 1289 462 1352 saroardo
483 1289 566 1352 viris
588 1288 688 1370 opleta
711 1290 852 1369 eostiyot
874 1291 987 1353 omisca

109 1456 112 1463 .
189 1481 190 1484 Ἴ
221 1395 345 1460 Verbo:
367 1396 590 1460 soloecismum
613 1396 709 1460 liceat
725 1395 846 1479 secisse
867 1397 996 1475 morito.

170 1547 346 1646 Rupertius¹
365 1566 463 1638 verba,
487 1585 554 1647 quae
577 1570 648 1629 sunt
660 1566 728 1630 Neo
745 1566 987 1630 eor-aodooiro's
999 1567 1142 1648 costipot
1156 1585 1224 1645 sqq.

25 1691 28 1699 ’
109 1689 111 1693 ’
171 1673 216 1736 sio
239 1676 371 1735 enarrat:
408 1693 463 1735 »ne
487 1673 560 1736 viris
582 1668 711 1754 quidem'
727 1674 812 1736 anxie
835 1672 1106 1754 circumspicienda
1128 1677 1159 1735 et
1181 1677 1225 1735 at·

169 1780 326 1855 tendenda,
370 1780 483 1842 nedum
516 1779 553 1842 ab
586 1780 634 1842 his
668 1780 697 1842 in
727 1780 905 1843 mulieribus
929 1779 1174 1860 reprehendenda
1196 1781 1226 1841 et

172 1886 384 1968 castiganda«,
409 1891 440 1948 et
463 1886 657 1950 Heinrichius
680 1906 749 1950 oum
772 1885 997 1960 recentioribus,
1021 1885 1223 1977 quodmiror,

171 2013 242 2057 enm
267 1997 445 2075 sequuntur.
496 1993 648 2056 Particula
669 2012 726 2056 aec
747 2011 801 2074 pro
823 1992 1005 2072 oe-qotdem
1027 1995 1106 2073 apud
1129 1993 1222 2056 Juve-

170 2101 269 2164 nalem
293 2100 448 2165 invenitur
472 2099 525 2162 illa
547 2099 667 2180 quidem
692 2101 842 2180 saepius¹)‚
866 2100 918 2163 sed
941 2117 1034 2181 quum
1058 2101 1222 2184 sententia:

170 2207 374 2289 Ioaotosqoe'
393 2206 474 2270 rator·
498 2209 581 2269 terret
603 2225 672 2287 sqq.
700 2203 847 2286 particula
869 2206 1038 2287 copulativa
1063 2226 1124 2284 ooo
1147 2226 1221 2287 prae-

174 2315 293 2378 cedenti
316 2316 459 2398 adjuneta
483 2314 531 2384 sit,
565 2313 717 2376 sententia
739 2313 939 2393 subsequens:
984 2313 1053 2376 Nee
1075 2312 1221 2376 curando

41 2505 43 2509 ¹
167 2423 338 2502 virissqq.
352 2420 390 2484 ab
414 2440 450 2484 ea
472 2420 627 2503 particula,
651 2438 717 2501 quaa
731 2421 898 2484 ncoessario
910 2420 1050 2501 copulam
1070 2422 1220 2484 continere

146 2527 148 2531 ’
170 2529 306 2611 putanda
329 2533 384 2602 est,
410 2528 485 2590 mire
508 2527 623 2608 incipit.
662 2527 755 2590 Elin
777 2527 835 2590 hac
856 2528 922 2608 ipsa
944 2528 1095 2609 particula
1117 2527 1220 2609 copula

171 2655 203 2700 ra
227 2655 298 2699 vera
322 2636 412 2707 inest,
437 2635 489 2698 sod
514 2653 584 2697 oum
606 2634 765 2714 negatione
788 2636 825 2697 ad
856 2654 958 2699 voccrn
982 2634 1133 2698 carendo
1154 2654 1218 2715 per

169 2743 286 2806 tinente
315 2741 445 2805 coaluit:
481 2745 511 2804 et
542 2741 639 2804 verbo
672 2741 754 2803 viris
788 2761 854 2804 aea
888 2742 1037 2811 coroodo
1070 2745 1216 2823 costipot.

170 2849 231 2913 Hic
253 2849 349 2931 igitnr
371 2849 455 2912 locus
478 2847 567 2911 facile
590 2848 755 2929 expeditur,
784 2865 844 2912 non
878 2849 952 2912 item
984 2847 1020 2920 is,
1053 2851 1105 2930 qui
1140 2851 1216 2913 solus

169 2959 274 3032 restat,
298 2957 407 3038 quique
429 2956 460 3018 io
484 2958 539 3018 sat.
568 2954 598 3018 X
618 2954 740 3036 legitur,
763 2953 816 3017 ubi
839 2958 927 3036 poeta
950 2956 1124 3020 Messalinae
1146 2975 1216 3037 nup

168 3067 228 3130 tias
251 3045 490 3130 cotnrncnrorans
512 3079 531 3124 a
553 3081 580 3125 v.
604 3064 666 3126 333
689 3062 754 3124 haec
777 3061 911 3143 scripsit:

478 3263 479 3266 ,
578 3211 714 3276 Dudum
736 3206 823 3276 sedet
844 3212 905 3275 a'tto
921 3217 1046 3293 parato

212 3322 392 3405 Floraeolo,
420 3321 602 3403 lanasque
617 3319 735 3400 potera
755 3319 897 3401 yeaa'ota‘s
919 3321 955 3382 io
977 3320 1082 3384 tortis

215 3430 392 3504 Sternitur,
417 3433 448 3492 et
469 3429 537 3491 rlto
550 3427 662 3493 -deeo'es
685 3431 820 3492 ceateao
842 3427 1008 3490 dabantur

211 3536 367 3616 datique,
389 3538 494 3600 oeotet
517 3556 588 3598 cora
609 3535 834 3617 sipontora'boa
857 3553 989 3615 nospes.

176 3691 1190 3730 μψ-

196 3794 217 3856 1)
235 3792 330 3845 Pauca
348 3790 477 3857 exetnpla
494 3805 611 3856 ponem:
630 3789 665 3855 II,
680 3793 725 3845 152
735 3790 798 3840 Esse
815 3789 911 3853 aliquos
929 3807 1008 3839 manas
1026 3799 1048 3838 et
1066 3792 1215 3839 subterraneo

237 3895 309 3942 repon
328 3874 380 3926 Nee
396 3875 467 3940 pueri
484 3873 594 3934 credatu
619 3872 695 3936 XIII,
725 3874 771 3928 211
793 3873 915 3937 Pometia
941 3874 1052 3922 anxietas
1076 3890 1116 3922 nec
1134 3888 1215 3922 arrerrsoe

237 3973 338 4026 tempore
350 3975 465 4017 ceseaos;
484 3957 532 4021 IX,
543 3959 575 4013 49
592 3958 638 4008 Vos
656 3957 742 4006 Iumili
758 3957 879 4022 asseculae,
890 3975 932 4007 vos
950 3956 1099 4021 indalyebitis
1117 3969 1215 4020 ouercam

214 4077 217 4083 ·
241 4046 340 4111 Cottori,
353 4047 408 4110 jam
426 4059 466 4094 neo
484 4045 561 4092 ηιονὸο
579 4041 667 4092 dooere
683 4042 774 4106 parali.
