2566 4404
128 219 189 282 154
556 214 600 267 De
618 214 727 281 ellipsi.

123 416 214 480 debet
236 415 389 497 splendori
410 415 558 480 nomiium
580 421 611 480 et
633 433 751 479 momm
773 417 947 494 honestati,
976 415 1073 498 qualis
1091 415 1149 480 Cor-

121 521 212 586 neliae
234 523 307 601 fuit)
327 521 376 586 rel
398 522 496 586 forma
519 540 578 585 non
599 522 680 586 tenti
702 526 750 586 est
772 523 930 599 facienda,
954 525 990 587 ut
1013 527 1151 605 propiore

123 629 202 693 feres
225 628 399 711 superbiam
420 629 450 691 ei
470 628 652 704 admixtam,
678 647 738 710 que
757 629 867 693 inflata
890 631 1040 711 perpetuo
1058 628 1110 692 tibi
1127 645 1151 691 se

120 753 267 816 suamque
289 735 480 798 nobilitatem
501 738 533 798 et
554 733 683 798 formem
705 736 848 819 imputet,
867 737 979 820 jactet,
1003 734 1153 818 exprobret

120 861 188 925 que,
218 844 366 924 quantum
399 841 447 904 illi
479 842 619 905 debeas«
676 842 743 906 Hoc
774 843 846 906 boni
869 843 1038 925 Rupertius
1069 841 1154 916 hebet

120 950 201 1032 quod
223 949 409 1013 senteutiam
440 948 514 1022 loci,
547 966 608 1012 nou
633 948 735 1020 verbe,
767 953 850 1014 recte
888 968 1037 1014 eunrrons
1064 965 1156 1030 neque,

120 1075 210 1138 quom
233 1055 454 1119 enarrationem
477 1055 529 1117 alii
551 1055 732 1136 interpretes
754 1054 923 1136 proferunt,
959 1056 1076 1121 Nioben
1096 1054 1156 1120 sub·

114 1162 232 1244 Jeotum
256 1161 341 1225 verbi
361 1163 499 1243 imputet
520 1167 597 1237 esse,
630 1180 728 1242 neque
749 1180 917 1242 pronomen
939 1163 1003 1227 titi
1031 1164 1155 1226 Paeunom

119 1267 289 1349 significare
318 1271 436 1342 censet,
471 1270 525 1333 sed
552 1287 640 1332 voces
672 1269 837 1348 imputare
864 1269 1029 1334 sectioni
1056 1260 1107 1351 pro
1129 1285 1158 1331 ec

118 1373 222 1438 alicui
236 1377 369 1456 jactare
390 1375 449 1439 dici
471 1394 531 1438 non
553 1379 690 1455 possunt.
733 1375 869 1440 Verbum
891 1376 978 1440 enim
998 1372 1157 1458 imputandi

121 1483 201 1563 apud
222 1483 420 1554 iuvenalem,
454 1486 490 1544 nt
524 1482 605 1562 opud
633 1485 750 1545 ceteros
771 1484 927 1563 argenteae
950 1482 1055 1546 aetmfis
1076 1480 1158 1561 scrip·

118 1591 217 1667 tores
253 1589 365 1671 partim
387 1589 460 1652 dote
490 1588 524 1650 in
551 1588 673 1652 tabulas
705 1589 829 1670 expensi
849 1588 1030 1670 acceptique
1057 1589 1158 1650 referre

116 1695 183 1775 (cir.
206 1695 243 1774 V,
259 1699 299 1760 14
320 1694 469 1774 Imputat
491 1694 713 1778 incomitum)
732 1697 814 1775 ren),
836 1696 951 1776 purtim
973 1695 1056 1758 idem
1077 1695 1159 1774 etque

117 1803 280 1882 assignare,
303 1802 454 1865 ascribere
477 1801 631 1881 significat·
658 1802 724 1874 (cfr.
749 1803 795 1878 11,
820 1805 858 1867 17
881 1801 986 1867 Hono
1009 1821 1065 1884 eqo
1079 1799 1160 1884 satis

115 1909 262 1989 Inspicite,
296 1909 354 1988 qui
374 1907 467 1970 occlto
488 1908 635 1971 mortum
656 1909 848 1989 incessuque
864 1907 1026 1992 fatetur),
1061 1924 1160 1989 quem·

117 2016 220 2079 obrem
241 2018 344 2079 vetere
367 2014 484 2079 scholia
514 2016 579 2077 hoec
601 2015 747 2079 dicentia:
783 2015 895 2078 >Nulla
928 2015 1014 2079 boni:
1050 2014 1082 2078 id
1109 2013 1160 2087 est

116 2123 208 2185 huius
242 2122 313 2186 boni
337 2140 406 2184 rara
428 2126 476 2185 est
505 2119 645 2201 voluptas
678 2125 732 2186 aut
753 2120 854 2196 nullo,
891 2121 1035 2202 quotiens
1062 2119 1167 2205 vitium·

117 2228 218 2291 animo
240 2246 360 2308 semper
394 2247 426 2291 se
448 2229 592 2309 praeferet
613 2228 699 2308 tibi«
728 2225 889 2310 praeferre
909 2246 945 2291 se
967 2227 1072 2292 alieni
1097 2224 1161 2289 huic

116 2335 262 2399 locutioni
284 2336 473 2398 contrarium
491 2337 573 2397 recte
591 2339 716 2416 ponunt.
750 2332 929 2416 Subjectum
947 2335 1034 2398 uerbi
1045 2336 1161 2397 senteu-

116 2441 168 2505 tiae
191 2442 352 2522 particulos
374 2445 412 2503 nt
433 2442 578 2523 subjectae
601 2445 695 2514 (etse
717 2441 777 2504 tibi
788 2459 913 2520 semper
924 2440 1085 2523 Imputet)
1107 2458 1161 2503 om·

116 2548 206 2611 nibus
227 2547 322 2624 locis,
345 2548 454 2628 quibus
477 2547 594 2610 nullum
618 2548 789 2630 subjectum
810 2548 947 2629 ponitur,
980 2553 1028 2610 est
1051 2547 1093 2622 is,
1116 2544 1159 2609 oni

117 2673 165 2717 res
188 2653 293 2734 eliqua
315 2657 435 2717 tentum
458 2655 592 2732 pretium
612 2654 723 2718 habere
745 2655 873 2730 dicitur,
896 2656 932 2717 nt
953 2655 1079 2735 propter
1100 2669 1159 2716 eam

116 2760 174 2824 hoo
196 2764 229 2824 et
252 2746 308 2824 hoc
331 2760 425 2824 faciet
447 2761 493 2824 vel
517 2760 584 2823 fieri
606 2761 746 2841 patietur.
790 2760 966 2823 Difficultas
993 2758 1087 2822 huius
1107 2756 1161 2821 looi

116 2866 150 2928 in
172 2867 351 2946 pronomine
381 2866 441 2929 tibi
468 2867 559 2930 inest.
614 2869 710 2931 Poeta
738 2868 820 2930 enim
848 2866 1022 2948 arrogantis
1046 2865 1160 2929 femine

117 2972 348 3054 descriptionem
372 2973 410 3036 ab
432 2974 489 3036 hoc
511 2992 600 3037 versu
621 2973 730 3055 incipit
741 2971 989 3047 (161)Nullcnc
1006 2971 1047 3036 dc
1065 2971 1161 3036 tantis

114 3080 269 3162 qreqibus
292 3080 352 3143 tibi
374 3079 476 3160 (liqna
497 3079 646 3143 videtur?
675 3079 728 3143 nbi
756 3078 816 3142 rtet
841 3078 874 3141 in
903 3079 973 3142 ficte
996 3080 1161 3160 interroga·

116 3186 198 3250 tione
221 3187 289 3266 (cfr.
314 3207 340 3249 v.
364 3187 426 3251 136
441 3186 573 3266 Optima
593 3185 652 3249 sed
672 3206 774 3266 qnare
788 3185 977 3249 Ocrrsennia
1000 3190 1081 3249 teste
1102 3203 1162 3249 nro·

118 3293 210 3356 rito?
233 3299 264 3358 et
287 3293 332 3358 sic
353 3296 443 3375 poeto
463 3294 495 3357 in
516 3293 604 3357 initio
626 3293 727 3358 sotirae
749 3292 819 3357 novi
841 3292 912 3355 vitii
931 3292 1161 3375 descriptionem

115 3398 153 3461 eb
171 3400 406 3482 interrogatione
424 3399 487 3463 fere
505 3398 618 3481 ubique
634 3399 741 3480 incipit
754 3399 807 3461 cfr.
823 3418 850 3462 v.
864 3401 915 3473 60,
938 3402 1011 3472 114,
1031 3400 1111 3479 286)
1127 3397 1162 3461 ad

117 3508 237 3587 poetam
260 3506 455 3569 referendum
477 3509 533 3578 est,
555 3505 663 3569 deinde
685 3506 765 3568 idem
778 3522 942 3586 pronomen
964 3504 1164 3586 ponensCor·

118 3609 232 3673 neliom
256 3612 298 3693 (v.
327 3615 400 3690 167)
422 3617 454 3676 et
475 3614 618 3675 Paeanem
640 3616 681 3691 (v.
708 3613 779 3688 172)
807 3611 983 3693 alloquitur,
1007 3616 1165 3675 contume-

120 3718 224 3798 oisque
247 3718 371 3781 feminee
394 3718 581 3782 mentionem
602 3719 761 3781 absolvens
787 3737 910 3782 versum
940 3717 1040 3798 ponit,
1076 3735 1166 3800 quem

115 3826 302 3888 innotamus:
350 3826 429 3905 Qnae
450 3825 537 3888 tanti
556 3824 719 3904 pronitas,
744 3843 815 3903 quor
828 3821 953 3906 forma,
982 3827 1020 3887 nt
1048 3843 1085 3888 sc
1107 3823 1167 3888 tibi

114 3951 240 4012 semper
260 3930 421 4012 lenonie&
442 3931 476 3994 in
497 3948 586 3993 versu
608 3931 736 4010 denique
761 3931 821 3994 192
842 3930 977 3994 uetulum
1005 3948 1061 4012 per
1084 3931 1165 3994 idem

104 4058 278 4124 pronomen
303 4039 461 4108 allocutus
483 4037 661 4103 cretionem
679 4037 723 4097 ou
737 4035 927 4096 uestinum
943 4034 992 4092 s'ie
1010 4037 1176 4094 munerun.
