2566 4404
134 181 136 183 '
183 219 242 282 118
622 216 662 268 ne
683 216 787 282 erupsr.

178 437 248 481 nem
271 417 397 481 alterius
421 419 507 500 sequi
537 437 595 483 non
619 419 709 483 dubie
731 421 900 484 indicatur:
937 422 1019 496 XlV,
1047 427 1102 488 491
1127 422 1214 488 Juve-

178 544 250 588 ncm
266 529 366 605 puter
389 527 510 589 excitat
532 529 561 606 (e
585 534 710 602 sumno),
734 529 843 607 ccccpc
859 548 961 604 ccccc,
985 531 1097 610 part—im
1120 531 1168 593 ubi
1189 549 1218 594 ex

178 633 360 696 cohaerentia
397 633 541 697 orationis
579 634 710 696 alterum
742 634 826 715 loqui
855 635 990 717 intelligi
1020 639 1136 717 potest,
1168 655 1221 700 non

175 745 244 802 raro
267 738 434 816 omittitur,
458 760 526 821 quae
549 741 673 804 omissio
696 741 810 804 talibus
834 761 952 824 quoque
975 743 1053 807 locis
1077 743 1223 807 interdum

177 846 326 924 occurrit,
351 846 421 925 ubi,
458 850 561 910 utrum
594 848 660 928 ipse
693 851 784 928 poeta
816 869 853 913 an
878 849 956 913 alius
979 850 1139 932 loquatur,
1172 851 1223 914 du·

176 955 260 1017 bium
284 972 351 1017 esse
373 954 480 1035 possit.
536 954 584 1017 Ab
607 955 655 1017 his
677 955 751 1018 locis
774 955 850 1034 duo,
875 957 984 1037 quibus
1006 959 1097 1038 pocta
1121 957 1226 1021 tacitas

176 1061 308 1124 hominis
331 1061 533 1142 cogitationes
556 1062 686 1142 exponit,
716 1062 896 1144 segregandi
919 1067 1007 1136 sunt3
1043 1082 1228 1146 quamquam

177 1168 257 1230 enirn
280 1168 317 1230 dc
339 1167 528 1231 enarratione
557 1186 661 1230 eorum
694 1169 887 1243 dissentitur,
922 1172 953 1232 et
975 1174 1057 1243 sunt,
1094 1171 1229 1251 quinon

175 1274 285 1337 tacitas
308 1274 506 1356 cogitationes
535 1274 587 1336 sed
611 1275 749 1355 querelas
776 1293 848 1338 voce
878 1276 1012 1357 prolatas
1040 1279 1151 1358 exponi
1173 1298 1230 1360 pu·
1261 1295 1264 1301 ’

175 1383 252 1458 tent,
288 1400 323 1444 ex
344 1381 411 1461 ipsa
442 1380 588 1443 orationis
618 1381 802 1444 cohaerentia
835 1386 926 1463 atque
958 1401 992 1445 ex
1023 1383 1231 1464 ipsisuerbis

140 1529 143 1532 -
175 1489 315 1568 querelas
338 1488 449 1551 tacitas
472 1470 553 1552 esse.
589 1491 768 1567 non‘pcetae
792 1489 962 1562 sadalino,
994 1490 1070 1554 satis
1093 1496 1231 1573 apparet.

174 1595 264 1657 Alter
286 1596 372 1659 locus
394 1595 426 1658 in
449 1595 543 1658 satira
566 1596 673 1676 quinta
695 1597 751 1672 est,
774 1595 836 1672 ubi,
859 1600 1020 1678 postquam
1043 1617 1153 1664 servus
1177 1619 1233 1681 pa·

687 1771 760 1775 ..--.
777 1771 786 1775 ...
815 1771 851 1775 .-.-,
878 1771 1163 1780 ...—--—..—.——

242 1867 304 1920 haec
317 1868 403 1920 verba
414 1883 477 1933 non,
497 1874 528 1919 ut
538 1867 620 1933 vulgo
633 1867 806 1933 intelligunt,
817 1884 833 1920 a
848 1868 1040 1935 designatore,
1051 1871 1101 1935 qui
1113 1871 1144 1923 in
1155 1872 1232 1927 ludis

244 1952 475 2017 spectaculisque
485 1951 612 2004 locorum
627 1967 720 2004 cruam
740 1967 827 2018 agens
847 1968 926 2007 suum
943 1954 1043 2019 cuique
1065 1955 1163 2009 locum
1186 1958 1233 2011 de·

242 2035 383 2103 signabat,
403 2036 457 2089 dici
475 2036 631 2102 finguntur,
658 2050 722 2088 nam
747 2049 827 2088 nemo
855 2036 1019 2104 designator
1049 2039 1093 2091 sic
1113 2039 1233 2094 locutus

216 2126 303 2186 cst,
331 2120 382 2173 sed
402 2127 488 2187 poeta
506 2119 569 2185 ipse
589 2119 730 2185 loquitur,
766 2126 795 2172 et
814 2121 962 2186 conviciis,
993 2122 1096 2186 quibus
1121 2124 1232 2190 aliquis

174 2199 178 2204 ’
242 2205 302 2269 (qui
321 2224 364 2254 nos
383 2203 523 2267 distinxit)
534 2218 699 2270 pauperem,
719 2205 766 2268 qui
786 2219 816 2257 se
836 2205 864 2256 in
884 2204 1099 2270 quatuordecim
1119 2208 1232 2263 insinu-

243 2303 291 2340 are
321 2304 407 2342 ausus
436 2290 488 2354 sit,
516 2291 592 2342 t'crte
622 2287 731 2353 obruat,
760 2288 862 2341 salsam
890 2288 1005 2341 divitum
1034 2289 1131 2345 infimo
1162 2294 1230 2348 loco

240 2380 371 2425 natorum
390 2379 419 2426 et
436 2379 554 2440 propter
573 2371 686 2436 divitias
705 2373 783 2425 solas
802 2389 909 2425 summo
930 2375 1036 2426 bonore
1056 2375 1230 2431 affectorum

240 2457 399 2509 irrisionem
420 2457 567 2510 immiscet.
596 2457 663 2509 Alia
682 2465 726 2509 est
745 2458 838 2521 quarti
856 2457 909 2510 loci
926 2458 1009 2523 ratio,
1028 2473 1093 2511 nam
1113 2461 1142 2511 in
1164 2477 1230 2528 sep·

240 2542 309 2594 tima
327 2542 425 2607 satira,
446 2542 494 2594 ubi
513 2549 610 2608 poeta,
630 2549 790 2607 postquam,
810 2556 871 2606 quae
892 2548 1025 2607 parentes
1050 2557 1065 2592 a
1086 2545 1230 2610 magistro

239 2640 392 2691 puerorum
420 2625 583 2692 flagitarent
601 2631 631 2678 et
648 2640 730 2691 quam
748 2625 853 2678 misera
877 2625 1010 2678 mercede
1032 2640 1111 2692 eum,
1141 2644 1229 2694 quem

141 2700 144 2706 ’
240 2710 441 2776 postulabant,
470 2710 596 2763 laborem
615 2717 844 2775 remunerarent,
875 2709 1021 2776 exposuit,
1050 2711 1104 2764 bos
1124 2728 1228 2768 versus

240 2796 398 2861 (idi—243)
418 2795 575 2862 subjunxit:

324 2931 393 2992 Haec,
411 2932 495 2996 inquit,
515 2948 581 2996 cura,
600 2930 643 2979 scd
659 2947 727 2994 quum
745 2947 770 2978 aa
788 2930 885 2978 verterit
905 2947 988 2994 annua,

280 3023 284 3031 '
324 3016 422 3081 Accipe,
441 3014 527 3064 victori
541 3014 644 3079 populus
663 3013 725 3078 quod
740 3014 846 3078 postulat
864 3032 955 3064 aurunt.

238 3150 347 3202 nonde
367 3150 434 3202 ficto
455 3148 617 3202 adversario
639 3149 789 3215 cogitatur,
809 3147 858 3200 scd
877 3148 1006 3210 verbum,
1028 3148 1103 3213 qnod
1123 3157 1171 3204 ast
1190 3154 1226 3202 in-

238 3236 301 3300 quit,
319 3241 467 3301 parentes,
489 3248 559 3298 quos
577 3238 665 3298 poeta
685 3232 927 3296 commemoravit,
948 3232 1165 3299 complectitur,
1186 3235 1228 3288 ita

238 3326 277 3384 ut,
298 3334 464 3383 quamquam
484 3317 584 3370 ecdem
609 3316 691 3369 modo
718 3317 820 3380 quoin
845 3315 982 3380 exemplis
1008 3315 1153 3381 prioribus
1175 3319 1225 3372 im·

238 3403 428 3469 personaliter
438 3405 563 3469 positum
580 3407 635 3465 est,
656 3409 748 3452 tamen
768 3399 803 3452 ad
818 3404 910 3452 certus
921 3413 1058 3465 personas
1070 3398 1224 3456 reseratur.

148 3550 150 3555 Ι
238 3487 319 3539 Hunc
338 3487 431 3539 locum
452 3486 487 3538 ob
508 3485 678 3552 scripturam
696 3485 788 3537 minus
807 3484 923 3550 bonam,
943 3498 1005 3548 quae
1027 3490 1071 3535 est
1090 3502 1151 3532 cura
1170 3487 1225 3552 sed,

239 3580 268 3623 et
291 3570 440 3636 sequentia
458 3569 557 3635 verba,
583 3584 644 3635 quae
669 3568 718 3622 alii
736 3574 898 3634 parentum,
920 3567 969 3619 alii
987 3576 1081 3634 poetae
1101 3567 1225 3637 faciunt,

238 3670 302 3707 mox
321 3655 506 3707 tractabimus
526 3660 555 3705 et
574 3668 635 3706 cum
646 3652 786 3705 similibus
805 3651 876 3704 locis
897 3652 1083 3703 conteremus.
1119 3651 1224 3717 Quem-

238 3738 387 3792 admodum
407 3739 448 3791 sic
466 3740 542 3803 inquit
560 3736 791 3804 impersonaliter
808 3736 938 3803 ponitur,
968 3735 1099 3800 verlurm,
1142 3738 1224 3801 quod

237 3830 283 3877 est
300 3824 344 3888 ait,
369 3823 397 3875 in
417 3822 513 3876 satirae
531 3837 613 3875 110ssae
638 3838 662 3873 v.
683 3823 716 3876 63
740 3822 878 3886 (Improbus
897 3839 933 3885 aa,
964 3838 1034 3884 quum
1050 3821 1143 3885 poscis,
1174 3825 1224 3887 ait)

236 3906 322 3960 simili
342 3906 423 3961 modo
445 3907 568 3975 positum
587 3905 740 3971 iuvenitur,
769 3920 889 3970 quocum
907 3903 971 3957 loco
993 3903 1074 3956 locus
1094 3903 1222 3968 Horatii,

236 3991 283 4058 qui
302 3990 331 4045 in
350 3991 465 4061 epistol.
485 3991 535 4045 lib.
556 3991 579 4057 I,
599 4004 645 4058 ep.
675 3989 742 4041 XIX
759 4005 786 4041 v.
805 3991 837 4044 43
868 3988 957 4053 Rideo,
976 3990 1026 4054 cit,
1049 3999 1070 4038 et
1086 3988 1158 4038 Jovis
1177 4010 1223 4042 cu.

221 4080 291 4132 rebus
310 4081 361 4132 a’etc
380 4079 477 4134 Servos
496 4077 614 4147 legitur,
636 4073 801 4142 comparari
817 4078 928 4138 potest.
