2566 4404
129 186 171 252 50
411 189 453 242 De
472 187 606 243 liberiore
625 191 771 249 verborum
789 193 896 258 positu.

136 388 244 454 simam
265 390 411 474 jungendi
433 391 562 456 formam
583 394 720 476 praebent
740 397 832 478 alque
856 414 924 460 eam
948 397 988 461 ob
1002 417 1066 462 rem
1077 397 1155 491 mulo,

134 497 270 562 crebrius
294 517 384 582 quam
407 501 514 570 ceterae
536 501 724 578 adhibentur,
747 521 813 585 qnae
836 505 926 568 sunt:
949 508 990 580 ct,
1023 509 1085 582 eat,
1103 503 1150 585 sed

134 623 192 670 nec
215 605 267 687 (oc
288 624 384 688 neque
406 607 485 687 apud
506 604 684 670 Juvenalem
708 628 813 693 oeque,
826 611 907 692 apud
928 612 1056 694 priores,
1081 631 1152 696 quan·

118 714 198 800 tum
221 714 292 792 scio,
314 711 527 795 postponitur),
560 712 669 795 quibus
697 713 744 777 bae
772 715 840 780 addi
862 725 1011 800 possunt:
1044 724 1087 799 ot,
1114 741 1152 794 ce

130 839 277 904 namque,
301 811 456 906 poemate,
480 824 563 903 quot,
586 825 722 900 uticum,
745 842 822 902 eece,
851 827 916 890 lem
940 829 1154 907 romerium

130 928 282 1013 pluribus)
307 932 525 1000 enunciationis
546 929 611 996 voci
632 935 861 1013 postponuntur,
891 937 929 998 ut
961 937 1052 1000 modo
1071 953 1154 1018 panca

131 1055 168 1100 ne
192 1037 291 1102 dicam
313 1040 442 1124 singula,
466 1041 602 1125 exempla
613 1041 768 1117 exstent1).
795 1040 953 1105 Particula
976 1063 1061 1125 erpo,
1082 1043 1154 1107 etian

129 1143 182 1207 ubi
204 1145 320 1210 nullam
342 1149 562 1214 conclusionem
584 1149 700 1215 inducit
722 1151 753 1210 et
775 1151 843 1228 post
864 1148 1087 1231 digressionem
1105 1168 1156 1216 on·

127 1251 240 1315 tionem
261 1253 461 1337 interruptam
494 1255 631 1332 resumit,
663 1255 694 1318 in
718 1254 861 1318 orationis
888 1255 981 1321 initio
1005 1256 1154 1342 ponisdet

93 1395 95 1400 -
128 1362 219 1441 atque
241 1363 330 1427 modo
352 1363 390 1425 iis
411 1363 486 1427 locis
508 1363 680 1438 retrahitur,
709 1361 817 1444 quibus
840 1380 894 1426 vox
917 1382 1089 1448 praegressa
1107 1363 1153 1429 sin

125 1466 225 1548 gulari
246 1468 277 1532 vi
299 1469 438 1534 effertur:
470 1470 529 1555 I,3
549 1471 688 1551 Impone
709 1489 783 1551 erpo
804 1467 887 1532 mibi
908 1472 1095 1537 recitaverit
1111 1469 1154 1534 rue

123 1577 262 1655 topctcc,
297 1579 336 1643 15
363 1576 410 1639 Et
441 1597 502 1641 ocos
536 1598 610 1659 erpo
643 1596 776 1642 meacm
794 1575 916 1659 feretra
945 1579 1151 1654 subducimus,

119 1682 268 1762 particula
300 1686 408 1748 tumeo
435 1685 550 1767 'ubique
583 1684 746 1762 revellitur,
780 1687 811 1748 et
837 1703 856 1748 a
882 1686 1035 1767 particula
1066 1687 1164 1769 tpiter·

121 1791 244 1873 (itaque
258 1794 336 1873 apud
349 1792 532 1860 Juvenalem
553 1810 613 1856 non
635 1793 794 1875 reperitur)
816 1793 974 1859 sententia
996 1798 1042 1859 ter
1063 1792 1150 1876 incipit

120 1897 184 1981 (VI,
200 1901 272 1976 210,
295 1900 349 1977 IX,
361 1903 411 1977 20,
433 1901 471 1978 X,
479 1903 563 1980 285).

212 2005 282 2070 Diri
310 2007 413 2090 igitur,
435 2008 616 2072 iuvenalem
637 2008 669 2071 in
690 2008 748 2072 hoc
770 2007 888 2071 dicendi
910 2027 1063 2090 genereo
1083 2008 1149 2091 prio·

119 2113 203 2177 ribus
225 2114 323 2196 poetis
335 2116 496 2198 discedere,
520 2116 597 2198 quod
619 2117 655 2180 ut
675 2114 800 2197 probem
822 2117 853 2178 et
873 2114 955 2179 inter
978 2117 1147 2198 probandum

114 2219 283 2285 liberiorem
313 2223 473 2287 verborum
504 2223 646 2305 positum,
679 2223 732 2305 qui
763 2224 842 2304 apud
876 2232 946 2287 elrm
981 2224 1146 2295 inveniatm,

116 2328 228 2411 quique
251 2348 286 2394 ex
307 2331 354 2406 iis,
378 2350 443 2413 quoe
466 2332 700 2396 commemorata
722 2331 802 2405 sunt,
824 2349 881 2394 non
901 2332 1030 2406 eluceat,
1052 2332 1146 2396 adun·

117 2435 211 2511 brem,
242 2437 351 2519 quihus
366 2422 567 2503 ¹liberioribus
600 2457 618 2502 a
650 2437 798 2520 prioribus
830 2437 977 2502 adhibitis
1000 2439 1146 2504 verborum

115 2545 398 2625 transpositionibus
420 2546 579 2623 abstineat,
601 2546 632 2610 in
655 2565 747 2610 unum
772 2544 933 2621 conteram,
956 2546 1004 2610 sic
1025 2546 1146 2611 enimet

111 2650 234 2715 liberior
255 2654 413 2717 verborum
435 2655 561 2736 ponitur,
591 2671 648 2735 quo
670 2653 776 2735 utitur,
811 2655 840 2717 et
870 2652 1045 2731 discrimen,
1079 2651 1147 2736 qnod

111 2758 168 2821 hoc
192 2758 224 2821 in
245 2780 355 2843 genere
377 2761 456 2825 inter
478 2780 545 2825 eum
570 2763 601 2824 et
621 2760 691 2824 illos
714 2779 778 2825 esse
797 2760 866 2834 diri,
890 2760 1005 2841 optime
1028 2757 1147 2825 discerni

110 2866 231 2947 poterit.
290 2869 365 2932 Haec
386 2868 430 2932 rei
453 2869 631 2950 exponendae
653 2867 731 2931 ratio
753 2867 810 2930 hoc
832 2865 905 2930 mali
927 2867 1033 2944 habet,
1067 2866 1146 2950 qnod,

5 2988 8 2992 ⁴
110 2992 148 3038 ne
171 2993 246 3038 vana
268 2977 400 3057 proferre
421 2975 531 3053 videm,
555 2975 689 3057 exempla
707 2973 840 3056 proferre
862 2991 960 3055 cogar,
984 2975 1040 3038 sed
1061 2991 1148 3058 quum

129 3240 148 3307 ¹)
178 3242 350 3310 siccamque,
378 3246 494 3310 quamvis,
521 3245 619 3309 aicham,
637 3260 677 3308 an,
696 3241 797 3307 quando,
817 3229 985 3307 quinetiam
1004 3251 1049 3292 arc
1066 3239 1143 3294 modo

175 3328 338 3393 semelluni
366 3327 427 3381 voci
453 3333 677 3396 postponuntur:
711 3327 808 3393 XI,50,
833 3325 907 3391 XIII,
918 3327 943 3390 3,
966 3323 1016 3391 VI,
1027 3327 1089 3393 638,-
1104 3322 1147 3389 VI,
1186 3308 1188 3315 ’

175 3412 216 3477 61,
236 3411 258 3474 Ι,
266 3413 307 3477 88,
326 3411 372 3479 VI,
382 3413 445 3478 2663
473 3423 495 3463 et
520 3419 563 3466 ter
581 3412 770 3481 postpositum
788 3410 938 3464 invenitur:
964 3409 1084 3477 Vlffl,
1102 3407 1145 3474 IX,

178 3496 235 3562 108,
254 3495 313 3563 XV,
323 3498 356 3552 20
376 3497 505 3563 (Jahnius
523 3497 551 3549 in
570 3497 659 3550 indice
680 3503 804 3563 quatuor·
817 3495 895 3549 locos
914 3493 1003 3561 addit,
1024 3495 1076 3549 scd
1094 3509 1146 3548 om·

172 3577 253 3632 nibus
273 3590 294 3630 et
311 3596 362 3647 pro
385 3583 456 3634 eriam
478 3583 601 3651 positum
626 3588 679 3647 est,
703 3580 779 3633 utin
798 3586 851 3633 sat.
871 3577 935 3630 XIV
953 3595 978 3631 v.
998 3579 1146 3632 481111111-

171 3680 232 3714 nosa
249 3683 324 3716 cenem
340 3668 409 3728 juvat
425 3668 489 3733 alca,
519 3668 579 3717 ludit
596 3678 618 3718 et
635 3667 721 3733 heres),
748 3675 805 3730 quot
821 3663 1078 3730 (interrogativum)
1095 3662 1146 3715 bis:

172 3747 220 3813 IV,
229 3751 254 3816 7,
274 3749 377 3814 vueod
397 3751 458 3805 sml.
473 3792 494 3804 ..
509 3753 539 3804 In
558 3751 715 3819 particulis,
734 3765 796 3816 quae
816 3755 893 3803 sunt:
911 3765 962 3815 cur,
980 3765 1069 3815 quare,
1087 3749 1146 3813 duo,

173 3844 304 3898 postquam,
331 3852 409 3902 quoni,
427 3837 481 3897 nisi,
505 3835 622 3902 duabus,
648 3836 718 3902 unde,
737 3837 832 3899 quoties,
852 3835 901 3894 obi,
921 3833 1012 3887 tribus
1032 3833 1145 3888 vocibus

172 3919 376 3986 postponendis
395 3920 540 3973 {luvenalis
571 3922 694 3988 priorum
723 3925 869 3987 poetarum
895 3917 1032 3971 libertate
1061 3929 1143 3986 parce

170 4004 266 4070 utitur,
277 4003 306 4056 hi
317 4005 388 4057 enim
406 4004 520 4059 easdem
538 4006 693 4073 particulas
713 4003 841 4072 pluribus
861 4016 974 4069 quoque
994 4000 1144 4057 sententiae

168 4089 284 4143 vocibus
302 4095 486 4157 postponunt.
