2566 4404
187 211 246 274 122
621 208 662 260 De
683 208 787 274 ellipsi.

115 431 119 439 ·
181 411 243 474 ciat
265 410 368 475 clauso
393 410 520 473 Veiento
541 408 676 472 labello?
698 414 787 491 rogat
808 427 863 474 nos
885 410 1044 476 intrantes.
1078 413 1213 476 Nummos

180 535 318 598 promere
342 519 536 590 cunctamur;
571 534 711 580 caussam
744 517 847 598 tingit,
881 537 934 581 cur
963 519 1157 583 excludamur
1183 554 1213 564 —

180 624 273 687 metit
295 623 428 698 barbam,
454 624 578 705 deponit
600 624 712 686 crinem
736 624 830 686 amati
845 649 898 698 -3
921 625 984 688 liba
1008 628 1110 690 nostra
1131 625 1216 706 porri·

179 730 297 813 murus:
326 730 436 812 »plena
464 732 571 794 domus
592 730 664 793 libis
681 731 846 794 venalibus.
869 731 984 813 Accipe
1007 733 1040 794 et
1060 732 1144 796 istud
1165 732 1217 795 fer·

178 841 318 902 mentum
342 837 428 914 (liba)
450 836 508 900 tibi
529 837 637 912 habe«,
661 836 781 900 clamat.
839 837 943 902 Oratio
972 841 1054 902 certe
1085 841 1155 920 apte
1175 840 1219 902 da·

178 946 282 1020 currit,
306 945 360 1009 sed
370 943 573 1026 fermentum
584 945 621 1007 de
632 943 703 1007 libis
719 943 778 1008 dici
790 963 877 1025 posse
894 945 1097 1009 demonstrari
1111 946 1220 1028 nequit,

177 1057 209 1116 at
231 1052 300 1116 ttae
321 1051 457 1116 venalia
480 1057 551 1115 sunt
571 1051 649 1126 liba,
685 1071 752 1133 quae
781 1053 912 1116 veneunt
944 1053 1011 1126 (cfr.
1035 1052 1131 1129 VIH,
1167 1055 1222 1120 162

176 1158 286 1223 canali
310 1157 450 1240 laycae),
485 1177 545 1222 non
567 1161 630 1221 tarn
654 1159 749 1221 multa
773 1158 851 1235 liba,
884 1169 920 1222 ut
941 1159 1076 1223 venditio
1105 1159 1224 1224 institui

176 1266 283 1348 possit.
331 1266 366 1330 Si
387 1269 492 1330 autem
514 1264 622 1343 verbis,
647 1285 714 1346 quae
737 1269 822 1329 sunt:
858 1265 978 1346 Accrpe
1000 1269 1031 1329 et
1052 1267 1146 1339 istud
1156 1266 1223 1350 jer-

175 1376 318 1437 mentam
341 1375 401 1437 tibi
422 1373 519 1450 habe,
553 1391 590 1436 ea
610 1372 792 1454 significatio
815 1372 994 1454 subjicitur,
1018 1392 1086 1454 quae
1108 1374 1148 1437 iis
1170 1376 1225 1438 ad·

175 1480 321 1563 fingitur:
357 1480 439 1544 cudi
473 1484 503 1545 et
525 1480 609 1543 tanc
637 1480 697 1542 iace
720 1498 872 1542 caussam
901 1480 961 1542 titi
983 1479 1072 1559 tate,
1106 1485 1137 1544 ct
1158 1481 1225 1546 haec

174 1588 268 1652 verba
291 1588 462 1664 Umbrioio,
492 1606 658 1670 praegressa
681 1606 766 1650 servo
790 1587 1011 1665 attribuuntur,
1040 1607 1101 1652 non
1125 1588 1224 1652 solum

174 1696 363 1760 concinnitas
392 1694 598 1758 membrorum
628 1693 747 1757 tollitur
774 1731 816 1739 -
844 1695 911 1757 duae
946 1695 1029 1757 enim
1062 1697 1226 1760 sententiae

174 1802 286 1883 ubique
316 1802 498 1884 junguntur,
533 1780 763 1881 dirofcxempla
797 1804 949 1882 ponuntur
984 1838 1019 1846 —
1060 1803 1115 1865 sed
1149 1804 1225 1867 ordo

172 1928 272 1973 rarum
298 1909 373 1972 crire
396 1910 549 1985 turbatur,
588 1926 658 1970 nam
688 1926 843 1970 serrorum
874 1907 1027 1988 rapacium
1055 1909 1224 1990 descriptio

64 1998 68 2005 ⁴
172 2015 289 2080 verbis:
318 2020 484 2096 praestare
514 2015 638 2078 tritecto
666 2033 735 2094 sqq.
765 2016 834 2094 apte
856 2014 975 2091 finitur,
1009 2015 1223 2096 imperatione,

171 2124 223 2205 qui
255 2126 302 2186 est
323 2125 459 2203 Accipe,
493 2140 672 2203 quamquam
708 2122 802 2184 lector
834 2121 939 2194 verba,
972 2140 1040 2202 quae
1070 2123 1222 2205 adjungit,

171 2231 271 2294 eidem
286 2231 433 2312 srrbjecto,
457 2231 535 2310 quod
548 2246 717 2310 praegressa
733 2229 825 2291 verba
846 2227 930 2300 dixit,
953 2248 1012 2291 uon
1035 2220 1144 2310 potest'
1160 2250 1222 2294 non

170 2338 350 2412 attribuere,
376 2356 486 2401 novum
509 2336 684 2418 subjectum
707 2335 787 2399 malo
809 2335 876 2399 loco
897 2335 1029 2413 inducit,
1051 2354 1219 2416 pronomen

170 2445 316 2525 denique,
341 2444 420 2526 quod
445 2448 492 2506 est
514 2443 618 2518 istud,
646 2442 764 2524 objecto
789 2442 964 2523 imperativi
986 2424 1164 2524 adjunctum
1188 2451 1218 2508 et

167 2552 202 2614 ad
228 2569 389 2632 personam
413 2552 586 2631 loquentem
608 2554 638 2613 et
662 2551 757 2629 adea,
783 2568 849 2629 quae
873 2553 1050 2630 sequuntur,
1075 2552 1215 2630 refertur,

166 2658 246 2738 quod
267 2657 351 2720 nullo
380 2659 469 2720 nrodo
501 2657 569 2720 ferri
603 2659 713 2737 potest.
775 2656 841 2718 Hoc
871 2656 949 2718 enim
980 2675 1147 2736 pronomen
1170 2660 1215 2738 (ut

165 2764 245 2844 apud
270 2764 440 2841 Horatium,
464 2765 642 2845 Virgilium,
668 2763 823 2850 (tridium)
847 2763 935 2826 modo
959 2762 1004 2826 sic
1024 2765 1157 2844 ponitur,
1181 2771 1214 2828 ut

76 2856 78 2862 ’
164 2873 219 2932 aut
242 2870 279 2932 ad
302 2873 466 2935 secundam
488 2890 648 2953 personam
671 2871 774 2935 autad
796 2870 826 2933 id
840 2868 999 2948 referatur,
1023 2871 1111 2936 cuius
1134 2890 1213 2935 rnen·

165 2977 262 3040 ticin
285 2977 525 3058 praecedentibus
549 2980 628 3042 sacta
651 2983 707 3049 est,
733 2995 829 3058 neque
850 2994 981 3057 usquam
1002 2977 1041 3040 ad
1062 2977 1095 3040 id
1119 2982 1211 3043 ret'cr-

164 3086 222 3152 tur,
247 3085 383 3166 quodie,
407 3087 458 3166 qui
482 3085 622 3167 loquitur,
648 3086 783 3149 dicturus
807 3087 861 3148 est.
896 3084 957 3147 Pro
978 3084 1080 3147 istam
1094 3086 1212 3167 Ruper-

163 3190 225 3254 tius
249 3192 468 3273 (imprudens‘r)
492 3191 651 3256 substituit
662 3192 747 3255 tanc
759 3192 854 3273 (istud
868 3192 1053 3255 fermentum
1074 3224 1115 3242 =
1134 3193 1210 3261 hanc

163 3297 215 3360 irae
239 3306 390 3376 caussam)
415 3305 445 3362 ct
468 3297 655 3362 Forcellinus
677 3300 708 3362 in
732 3300 789 3362 lex.
813 3304 850 3374 (v.
863 3298 1059 3375 fermentum)
1084 3301 1209 3364 eandem

163 3403 421 3484 significationem
444 3406 588 3470 vocabulo
602 3405 769 3487 subjiciens
792 3403 1072 3469 iltcdsermentum
1095 3407 1205 3471 scribit

161 3509 191 3571 A
214 3509 358 3575 Dalleuic
387 3512 482 3591 igitur
510 3518 637 3594 utraque
669 3512 820 3575 sententia
853 3511 975 3586 (Plena
1004 3511 1120 3576 domus
1140 3533 1207 3594 app.
1256 3564 1277 3580 .

163 3651 201 3662 —
225 3616 345 3697 Accipe
368 3622 397 3682 ct
420 3621 503 3699 epp.)
532 3620 629 3684 cidem
652 3639 786 3700 personae
815 3622 895 3681 recte
923 3619 1117 3694 attribuitur,
1156 3622 1205 3684 sed
1246 3625 1277 3682 Ι

161 3724 317 3788 Umbricio
340 3743 399 3788 non
423 3745 508 3789 servo
531 3726 727 3790 attribuenda
750 3729 811 3798 est,
846 3731 875 3788 et
901 3725 990 3788 rerba
1017 3727 1111 3790 istud
1130 3726 1205 3790 Fer-
1226 3765 1274 3775 -

160 3833 303 3894 mentum
328 3831 373 3894 ad
398 3834 606 3912 praecedentia,
644 3833 796 3914 imprimis
827 3833 866 3895 ad
893 3831 960 3895 taba
987 3833 1129 3908 cerealia,
1162 3817 1203 3898 re·
1222 3865 1277 3888 -ι

158 3939 285 4002 ferenda
307 3943 396 4013 sunt;
433 3939 511 4003 servi
534 3941 616 4003 enim
642 3957 766 4020 rapaces
788 3942 819 4002 et
841 3939 973 4004 clientes.
988 3958 1129 4005 nummos
1151 3960 1270 4023 po·-

139 4050 238 4110 acunt
259 4051 295 4113 et
318 4047 384 4114 rina
418 4067 527 4114 eorum
558 4048 716 4114 rendunt:
735 4049 798 4112 troc
823 4050 876 4109 est
902 4046 993 4107 tstud
1010 4045 1277 4125 saumana
