2566 4404
118 215 159 278 70
441 209 482 260 De
501 208 652 275 particulis
672 208 849 276 copulativis.

117 413 301 478 sententiam
329 411 489 475 relatiuam
519 411 694 475 constituat.
740 413 853 475 Versus
888 412 1059 488 nonnullos,
1091 412 1157 493 quod

119 518 316 583 Heimichius
339 520 489 600 opinatur,
519 519 564 582 ita
586 519 741 597 excidisse,
775 523 811 583 ut
834 539 871 583 ne
895 518 1029 602 vestigia
1049 519 1157 600 quidem

26 654 27 657 ¹
116 626 326 699 remanserint,
364 644 455 706 quum
490 625 609 689 codices
633 644 737 690 omnes
765 626 971 704 consentiant,
1007 625 1158 690 verisimile

116 752 175 797 non
199 736 253 807 est,
276 752 373 814 neque
396 751 512 808 caussa,
526 750 584 813 qua
607 736 708 796 metus
723 734 761 797 ad
773 735 852 797 hanc
865 733 1042 815 opinionem
1053 733 1159 797 delatus

116 841 166 916 sit,
188 839 307 921 probari
329 842 441 921 potest.
484 841 529 902 Ex
551 840 651 903 verbis
674 840 755 903 enim
778 840 843 903 eius
867 839 944 904 satis
967 840 1076 916 elucet,
1099 859 1160 904 enm

116 942 265 1028 particula
301 945 475 1027 copulativa
510 946 556 1009 ita
591 965 703 1010 novum
743 946 916 1027 exemplum
954 947 1027 1011 addi
1054 951 1160 1028 putare,

116 1059 160 1128 ut,
185 1054 256 1135 quia
278 1072 443 1136 pronomen
466 1052 551 1116 hauc
574 1051 729 1117 Socratem
757 1072 823 1117 esse
846 1054 957 1136 credat
984 1055 1041 1119 hec
1063 1073 1161 1135 prone

115 1180 187 1224 men
209 1180 332 1224 caesurae
356 1161 385 1222 ri
408 1161 440 1222 in
462 1160 622 1223 relativum
646 1162 708 1223 fere
731 1160 896 1224 transierit.
933 1159 992 1224 Sed
1007 1180 1161 1242 pronomen

116 1267 167 1331 he'c
190 1271 221 1331 et
242 1269 320 1348 apud
342 1267 523 1332 iuvenalem
546 1267 613 1347 (circ
636 1266 662 1342 I,
686 1270 740 1350 33)
770 1270 801 1332 et
823 1268 903 1348 apud
925 1267 1043 1349 priores
1066 1270 1169 1332 eodem'

115 1393 222 1438 versus
244 1375 310 1438 loco
333 1376 465 1455 positum
490 1375 527 1436 ad
555 1393 716 1455 persenam
749 1376 781 1437 in
814 1375 967 1438 sententia
1002 1394 1163 1457 praegressa

115 1486 382 1546 commemoratam
406 1481 536 1544 refertur
558 1481 624 1557 (cfr.
647 1481 721 1545 Hor.
745 1481 807 1545 Sat.
830 1482 855 1556 I,
874 1485 902 1555 6,
927 1485 969 1546 55
1000 1481 1162 1564 Vr'rpe‘h'ue,

108 1592 188 1670 post
210 1587 295 1652 huuc
323 1588 445 1652 Vertere
468 1588 578 1652 dixere
601 1588 682 1667 quid
702 1591 814 1671 essem)
839 1593 878 1664 et,
902 1589 928 1652 si
952 1590 1161 1680 cohaerentiam

115 1696 265 1759 sermonis
298 1699 447 1768 tenemus,
481 1714 578 1776 neque
612 1696 769 1775 particula,
804 1715 872 1778 qnae
906 1699 954 1760 est
984 1700 1025 1772 et,
1059 1715 1162 1761 norum

115 1803 286 1884 exemplum
308 1803 386 1875 addi,
410 1821 508 1883 neque
531 1802 716 1883 pronomine,
752 1804 830 1884 quod
859 1807 907 1865 est
929 1801 1025 1878 huuc,
1060 1805 1161 1867 Socra·

114 1912 180 1973 tem
202 1909 328 1973 indicari
351 1908 516 1972 verisimile
539 1911 595 1972 est.
640 1907 795 1973 Socratem
817 1911 898 1973 enim
915 1913 1020 1991 poeta
1042 1911 1161 1985 duobus,

52 2007 54 2011 ⁷
115 2016 166 2097 qui
189 2018 472 2089 commemorantur,
506 2015 678 2080 rhetoribus
709 2035 809 2097 parem
840 2035 951 2097 ponere
973 2036 1036 2081 non
1058 2018 1160 2101 potuit,

114 2142 184 2186 nam
209 2125 243 2185 ut
267 2124 400 2188 rhetores
422 2123 513 2204 ipseo,
537 2127 602 2185 arte
626 2124 736 2186 misera
758 2127 848 2205 atque
871 2125 960 2204 inope
982 2125 1105 2188 omissa
1129 2125 1160 2187 ad

114 2228 209 2293 alium
243 2232 393 2310 quactum
426 2229 599 2310 confugisse
632 2230 757 2310 probare
792 2230 903 2310 possit,
938 2231 1014 2294 duos
1044 2234 1160 2312 profert,

115 2336 377 2418 Thrasymachum
399 2339 489 2416 atque
506 2335 702 2410 Carrinatem,
726 2355 853 2417 quorum
877 2336 954 2398 alter
976 2337 1015 2400 ob
1038 2356 1158 2420 pauper-

115 2446 212 2507 tatem
235 2449 397 2525 urgentem
420 2445 485 2505 arte
509 2443 658 2505 rhetorica
682 2445 788 2523 sponte
811 2443 930 2507 destitit
947 2447 987 2518 et,
1012 2445 1038 2508 si
1052 2445 1160 2508 scholia

58 2568 60 2573 ⁴
113 2569 183 2614 vera
206 2551 319 2624 dicunt,
344 2551 440 2614 vitam
463 2550 627 2630 suspendio
650 2549 758 2620 finivit,
782 2549 919 2619 alterob
941 2551 1158 2632 disputationes

113 2662 218 2721 contra
241 2661 385 2738 tyrannos
409 2658 558 2721 violentas
581 2656 753 2739 aCaligula
774 2657 806 2719 in
830 2656 953 2719 exilium
976 2657 1094 2739 ejectus
1117 2661 1158 2720 est

114 2768 146 2828 et
168 2768 274 2846 postea
286 2765 416 2829 Romam
434 2783 573 2828 reuersus
595 2767 714 2845 quaestu
730 2763 886 2840 fertiliore,
906 2764 1014 2827 Tacito
1032 2770 1157 2841 auctore,

114 2873 210 2935 vitam
234 2873 427 2935 sustentavit.
470 2871 594 2942 (Vetera
617 2870 732 2933 scholia
754 2873 876 2951 propter
898 2870 980 2933 hunc
1002 2871 1157 2936 Juvenalis

111 2982 222 3052 locum,
247 2980 343 3054 crede,
368 2997 436 3042 eum
462 2977 593 3041 Athenis
615 2996 729 3041 veneno
750 2977 876 3057 periisse
900 2977 1026 3056 dicunt).
1071 2979 1158 3040 Poeta

111 3086 207 3167 igitur
230 3091 393 3168 utrumque
416 3105 501 3149 ranae
524 3084 696 3164 sterilisque
726 3085 876 3147 cathedrae
903 3083 1092 3164 poenituisse
1116 3083 1157 3147 di·

111 3211 177 3256 cere
200 3195 309 3274 potuit,
342 3194 395 3257 sed
419 3191 566 3266 Socrates,
601 3192 653 3272 qui
683 3209 715 3254 se
748 3191 816 3253 vitae
839 3208 902 3252 suae
924 3206 984 3252 non
1006 3191 1157 3272 poenitere

111 3316 165 3379 per
198 3303 296 3362 tetum
330 3300 401 3363 vita
435 3302 557 3380 tempus
590 3298 732 3374 affirmet,
775 3295 857 3360 male
894 3296 934 3359 iis
974 3297 1157 3381 adJungitur.

110 3406 215 3468 Poetae
243 3405 430 3469 Carrinatem
466 3409 607 3488 egentem
641 3404 890 3468 commemoranti
925 3407 969 3478 (et
1001 3404 1039 3468 de
1074 3406 1159 3469 exilio

110 3512 242 3575 Athenis
264 3514 416 3576 transacto
439 3513 567 3577 fortasse
601 3513 759 3594 cogitanti)
783 3511 916 3575 Socratis
944 3529 1074 3593 quoquo,
1111 3512 1160 3594 qui

111 3623 143 3682 et
164 3620 229 3700 ipse
253 3639 345 3701 egens
368 3620 481 3683 ibidem
503 3620 587 3699 ririt,
610 3619 641 3682 in
664 3621 797 3682 mentem
823 3618 915 3693 venit,
944 3620 976 3681 ct
997 3623 1160 3701 utrumque

110 3725 315 3808 complectens
338 3727 376 3789 de
400 3725 521 3790 Socrate
533 3726 773 3790 Atheniensibus
796 3725 967 3806 exprobrat:
993 3729 1024 3788 et
1040 3726 1159 3808 (etiam)

52 3825 57 3833 ’
110 3833 195 3897 huuc
221 3832 434 3915 (Carrinatem)
458 3852 511 3896 vos
535 3835 665 3897 Athenae
687 3833 808 3913 inopem
831 3832 960 3908 vidistis,
994 3851 1059 3909 vos,
1094 3853 1160 3915 quae

110 3940 264 4005 Socratem
288 3958 414 4021 quoque,
437 3959 527 4022 quem
544 3941 712 4003 cicutarum
725 3940 848 4022 praemio
860 3939 1014 4016 affecistis,
1038 3940 1161 4023 inopem

110 4048 238 4112 vidistis.
293 4047 482 4128 Quamquam
514 4047 616 4111 locum
651 4046 695 4110 sic
728 4047 935 4128 accipiendum
966 4065 1034 4112 esse
1065 4050 1161 4123 credo,
