2566 4404
110 191 152 256 60
388 186 431 240 De
450 187 582 243 liberiore
600 187 746 241 verborum
763 186 872 255 positu.

195 391 356 458 Juvenulis
388 390 570 456 senientiam
603 391 730 473 denique
752 380 930 472 primariam
955 413 1024 459 cum
1045 413 1131 458 sccun-

111 500 195 565 duria
216 501 264 564 uel
285 498 427 582 pendenti
450 501 493 574 (oi
514 498 685 563 accusativo
706 517 774 562 oum
795 499 972 579 infinitivo),
995 522 1059 584 quae
1077 521 1131 566 seu·

113 608 217 673 tentiae
251 607 329 690 apud
362 607 476 688 priores
508 609 611 688 poetas
643 606 745 670 crebro
767 602 1004 683 confunduntur,
1025 611 1133 674 miscere

111 735 170 780 uon
193 717 283 794 amni,
307 714 501 796 quamobrem
525 697 604 777 inter
626 732 695 777 eum
717 715 807 796 eique
833 713 904 779 illos
927 717 1023 780 etiam
1046 717 1137 781 hocin

111 841 220 905 genere
243 839 302 890 non
325 839 450 903 pervum
474 825 521 885 esi
542 820 713 895 discrimen,
736 823 768 884 et
790 839 889 885 sermo
911 824 1041 888 eiusad
1062 825 1137 907 pede·

112 925 183 994 stris
207 929 350 995 orationis
372 928 501 993 formam
522 928 619 991 multo
641 928 739 1010 magis
761 927 885 991 accedit.
924 930 1031 994 Etiam
1052 950 1138 994 erem·

112 1036 171 1118 ple.
205 1035 293 1119 quale
316 1039 378 1099 osb:
412 1035 465 1112 Vl,
483 1040 539 1098 rib
566 1033 725 1098 Clondicus
747 1033 827 1098 cudi
849 1055 920 1118 poce
943 1037 1065 1112 tulerit,
1087 1057 1140 1101 rure

112 1145 192 1217 suni,
216 1157 247 1208 eu
265 1159 450 1225 quemquam
473 1141 531 1205 ioci
554 1145 679 1214 exstent,
708 1142 816 1223 quibus
838 1143 999 1208 liberiores
1021 1147 1140 1229 priorum

112 1255 268 1332 poetarum
301 1249 442 1332 loquendi
475 1249 580 1313 iormae
613 1249 808 1313 inveniuntur.
844 1252 917 1315 ordo
950 1254 1140 1318 membrorum
1179 1300 1181 1325 ᾖ

113 1356 267 1421 sollemnis
290 1374 439 1439 nusquam
463 1357 506 1420 iba
519 1356 688 1433 invertitur,
710 1361 745 1421 ut
764 1357 893 1439 exempli
905 1377 1015 1425 caussa
1026 1359 1140 1424 alierum

113 1464 272 1529 sententio
295 1464 484 1548 disjunctivae
518 1468 563 1526 eb'
577 1464 734 1544 pendentis
762 1453 931 1528 membrum
954 1468 1049 1548 priori
1070 1472 1141 1531 ante
1179 1454 1181 1459 ’

112 1574 277 1654 poncium),
312 1571 359 1634 uel
395 1571 544 1653 porticula
566 1590 663 1653 quum
691 1590 759 1634 cum
791 1573 888 1636 altero
921 1574 1141 1656 comparationis
1179 1576 1181 1595 ³

111 1678 246 1744 membro
279 1681 349 1742 anie
382 1670 619 1760 comparaiiuum
655 1685 723 1760 posi
754 1680 841 1768 prius¹
864 1682 1037 1746 membrum
1061 1685 1141 1746 inier-

110 1788 247 1867 ponaiur,
271 1786 350 1867 quod
371 1787 403 1849 in
424 1804 510 1867 prose
534 1804 649 1868 quoque
672 1788 805 1850 oratione
833 1787 931 1852 uerius
964 1789 1011 1864 fit,
1044 1791 1140 1854 nedum
1179 1820 1181 1825 v

112 1898 181 1957 ente
214 1893 453 1975 comparativum
481 1897 512 1957 ob
532 1895 615 1975 prius
637 1895 804 1958 membrum
828 1898 999 1978 ponatur).
1053 1899 1141 1962 ditium

111 2000 258 2067 ablativos
282 2001 502 2083 consequentiae
526 2004 615 2084 poeta
637 2003 735 2084 magis
757 2021 848 2083 quum
870 2003 999 2089 priores,
1022 2008 1072 2088 qui
1093 2025 1141 2070 nou

112 2108 208 2172 solun
244 2108 433 2190 explemeuia
465 2109 617 2190 participii
650 2127 754 2172 uerum
788 2109 879 2173 etiam
908 2110 1083 2194 subjeetum
1101 2110 1141 2176 uel

1 2298 3 2303 .
110 2215 236 2279 uerbum
258 2217 417 2280 sententiae
439 2215 590 2298 primariae
612 2214 661 2278 vel
690 2219 850 2298 utrumque
879 2217 917 2281 iis
946 2220 1141 2303 interponunt

111 2322 329 2387 sententiarum
352 2324 597 2387 secundariorum
617 2323 682 2388 loco
712 2324 851 2388 babuisse
881 2324 1013 2401 uidetur,
1048 2346 1142 2412 quam·

112 2430 223 2494 obrem·
237 2431 269 2494 in
291 2430 329 2493 iis
352 2430 566 2495 distribuendis
581 2450 599 2493 a
613 2431 762 2512 pedestris
782 2431 924 2495 cretionis
936 2451 1044 2498 eorum
1056 2434 1143 2499 distri·

110 2535 296 2600 buendorum
320 2538 436 2601 rubiono
458 2556 524 2601 raro
546 2537 682 2602 discedit.

140 2789 159 2853 ¹)
179 2787 244 2841 Hor.
264 2789 322 2844 Sat.
340 2792 361 2856 I,
389 2794 414 2856 4,
442 2794 474 2845 45
501 2792 594 2844 Idcirco
622 2793 718 2858 quidum
744 2794 861 2845 comoedia
886 2813 957 2846 necne
981 2817 1069 2864 poema
1098 2808 1149 2851 ussa

180 2889 315 2937 quasivero.
805 2932 810 2941 ,

139 2959 158 3024 ²)
179 2958 256 3012 Ovid.
275 2959 348 3014 Tris.
366 2960 399 3028 V,
419 2963 444 3028 7,
463 2965 497 3014 45
519 2962 562 3012 Vix
579 2973 633 3014 sunt
651 2963 751 3013 domines
771 2965 813 3013 hoc
830 2965 919 3015 nomine
936 2967 1014 3036 cripui,
1038 2971 1153 3036 Quomque

185 3046 238 3113 lupi
253 3064 323 3098 eoecoe
338 3046 394 3111 plue
404 3048 517 3113 feritatis
536 3047 627 3101 nabent.
