2566 4404
109 178 151 242 88
434 173 478 226 De
495 173 645 241 particulis
664 173 844 242 copulativis.

115 377 247 460 amplius
270 379 324 441 aut
345 376 461 442 maiora
483 377 684 458 exspectanda
706 381 801 453 erant,
823 379 879 443 'sed
892 379 1009 444 Atheni
1030 381 1140 462 perlosso

112 490 142 550 et
164 485 221 550 viae
252 482 413 547 maritimae
447 483 562 548 effectae
595 484 684 548 modo
717 487 911 549 constratum
932 485 1141 569 Hellespontum

113 598 145 657 et
167 591 247 655 viam
269 593 446 655 terrestrem
480 608 534 672 per
566 590 680 655 fretum
713 591 854 655 effectam
877 592 1029 676 adjungit,
1058 593 1143 659 deindo

114 698 199 764 verbi
221 714 351 780 persona
372 697 554 762 insolentius
575 700 696 762 mutata
718 697 1145 782 (creditur-eredimus)tertio

113 806 251 886 exemplo
272 822 308 867 en
330 803 436 867 eadem
459 804 562 868 fabula
584 806 701 887 prolato
724 805 885 888 subjungit
899 792 992 872 verba
1008 813 1038 872 et
1056 809 1147 872 could

116 933 187 996 quae
210 900 393 988 Sostratae,
426 910 471 976 ita
502 916 538 975 ut
558 932 649 975 mare
671 897 874 995 constratam
896 917 1091 980 mendacium
1107 914 1150 978 liat

115 1021 241 1087 Graeciae
264 1020 295 1082 et
317 1017 393 1082 mire
416 1017 920 1103 mendaciisSostratiopponatnr.
950 1021 1023 1087 Huc
1044 1023 1150 1096 accedit

114 1128 193 1211 quod
215 1126 282 1189 haec
304 1126 394 1190 verba
417 1130 523 1189 eontra
532 1125 692 1190 luvenalis
702 1126 846 1209 loquendi
867 1147 962 1192 usum
983 1129 1152 1194 adverbum

111 1234 221 1299 Audet
249 1232 407 1296 referenda
440 1236 521 1306 sunt,
556 1252 626 1296 nam
659 1233 806 1316 particula
838 1234 1015 1316 copulativa
1043 1240 1073 1301 et
1098 1253 1153 1309 non,

113 1342 192 1424 quod
215 1341 411 1422 intelligunt,-
442 1339 534 1403 verba
556 1343 759 1403 constratum
781 1340 947 1405 elassibus
973 1343 1077 1407 isdem
1096 1361 1153 1421 spo.

115 1468 183 1514 cum
198 1448 321 1512 vocibus
336 1445 521 1530 Velo'ficctus
532 1445 647 1525 Altos,
670 1449 722 1512 sed
745 1449 837 1512 verba
859 1449 1027 1530 quidquid
1041 1449 1156 1515 Graan

113 1555 256 1620 mendac
269 1574 340 1634 sqq.
354 1540 422 1616 cum
445 1553 555 1618 iisdem
576 1555 700 1618 vo'oibus
718 1555 832 1637 jungit,
856 1559 888 1620 et
910 1559 1065 1638 quomodo
1078 1557 1157 1621 verta

115 1661 277 1744 quidquid
292 1660 422 1725 Graecia
439 1679 515 1741 sqq„
541 1660 567 1725 si
587 1680 658 1725 eum
677 1661 820 1725 ereditur
829 1663 990 1745 Jungenda
1004 1682 1066 1728 non
1086 1665 1157 1738 sunt,

114 1768 316 1852 grammatice
340 1766 516 1849 explicanda
537 1767 609 1843 sint,
632 1768 748 1832 nescire
770 1787 820 1831 me
843 1769 952 1834 fateor.
1007 1771 1060 1835 An
1087 1775 1158 1835 tann-

115 1896 205 1959 quam
244 1875 349 1956 spuria
384 1873 471 1937 uncis
508 1874 691 1937 includenda
721 1877 818 1939 sunt?
861 1875 912 1941 Sic
946 1880 1031 1942 certe
1067 1877 1159 1941 omnia

114 1985 198 2047 reeta
215 1983 311 2057 erant,
326 1982 416 2045 modo
438 1999 476 2043 ne
499 1981 648 2062 particula
670 1982 841 2063 copulativa
862 1987 949 2047 extra
972 1984 1161 2066 parenthesin

115 2092 195 2154 stare
224 2090 382 2161 sineretur,
416 2090 447 2150 et
476 2091 608 2151 metrum
631 2107 760 2171 quoque,
793 2090 924 2154 molesta
945 2091 1075 2157 alterius
1096 2090 1160 2154 snt

115 2196 250 2271 stantivi‚
273 2196 352 2277 quod
366 2194 539 2275 estAtlooS,
562 2195 687 2276 syllabae
709 2195 904 2277 productione
927 2198 1059 2274 sublata,
1082 2198 1161 2280 adju-

115 2308 192 2382 tum,
217 2304 270 2367 sed
292 2321 329 2366 ne
351 2302 553 2383 interpretum
576 2302 668 2366 nimis
696 2303 811 2366 multos
840 2321 945 2367 versus
976 2306 1096 2386 spurios
1116 2324 1160 2368 an·

116 2429 254 2493 geamns.
301 2411 366 2472 Aut
388 2409 446 2472 tria
463 2411 641 2474 creduntur:
672 2408 982 2493 Velo'ficatasdtloos,
1009 2409 1162 2492 quidquid

122 2517 252 2583 Graecia
274 2515 414 2580 mereator
437 2516 543 2592 cadet,
578 2520 901 2591 marcomanorum,
935 2520 967 2589 et
1000 2520 1077 2583 mire
1109 2536 1159 2582 non

41 2692 43 2695 ,
118 2626 208 2688 modo
231 2623 271 2698 id,
295 2625 375 2704 quod
397 2623 530 2706 primum
549 2626 639 2706 atque
650 2625 776 2688 tertium
789 2625 1012 2707 complectitur,
1035 2626 1158 2689 medium

116 2731 331 2812 interpositum
355 2733 410 2803 est,
434 2731 495 2807 sed,
519 2731 742 2794 constructione
765 2734 893 2806 mutata,
916 2731 1063 2796 ultimum
1075 2751 1158 2795 mem·

117 2839 206 2902 brnm
228 2838 331 2920 (quod
354 2837 406 2901 nbi
429 2837 629 2918 praecedentia
657 2837 828 2919 copulative
854 2839 962 2919 juncta
985 2843 1066 2912 sunt,
1091 2835 1158 2920 apud

109 2945 298 3011 duvenalem
320 2962 468 3024 nusquam
497 2943 545 3023 fit)
578 2963 631 3024 per
659 2925 826 3025 asyndeton
856 2945 992 3009 additum
1018 2948 1080 3019 est;
1115 2947 1159 3008 ant

115 3053 190 3116 duo:
242 3049 427 3136 Velo’fleatas
460 3049 566 3113 Atlas
599 3054 629 3115 el
661 3051 823 3132 quidquid
860 3051 990 3116 Graecia
1027 3052 1159 3117 oreades

115 3159 224 3239 cadet,
258 3161 290 3220 et
323 3158 423 3234 verba,
458 3176 524 3239 quae
553 3160 625 3221 sunt
647 3162 849 3222 constratum
872 3158 1035 3223 classidas
1056 3159 1163 3229 isdeou

116 3260 212 3347 quum
234 3266 370 3339 verbum,
394 3265 473 3344 qnod
497 3269 544 3329 est
566 3265 717 3341 credit-or,
753 3266 796 3330 sio
829 3267 926 3330 audini
955 3273 1097 3348 nequeat
1131 3264 1167 3332 ad

118 3371 246 3435 verbum
268 3371 366 3452 audet
388 3372 546 3436 referenda
567 3376 648 3436 sunt.
684 3373 858 3436 Difficultas
870 3374 928 3437 loci
941 3374 1171 3456 simplicissimo

117 3477 253 3542 remedio
275 3478 343 3541 tolli
356 3483 466 3559 potest.
500 3481 574 3544 Post
586 3481 755 3555 credimus,
778 3499 838 3543 non
861 3482 930 3543 ante
952 3481 1009 3543 hoc
1031 3482 1169 3551 verbum,

118 3602 236 3648 comma
258 3584 429 3664 ponendum
454 3592 509 3650 est.
553 3585 603 3651 Sic
624 3607 673 3651 res
696 3588 780 3651 salva
802 3590 857 3657 est,
885 3605 957 3650 nam
980 3588 1010 3650 in
1034 3588 1171 3668 plurium

115 3689 320 3753 membrorum
349 3694 572 3757 coacervatione
604 3694 739 3775 priorum
768 3695 972 3758 membrorum
995 3695 1169 3776 conjunctio

116 3797 262 3877 asyndeta
277 3796 306 3858 in
321 3779 521 3877 copulativam
538 3799 717 3866 ultimorum
731 3800 904 3885 juncturam
922 3801 1033 3882 saepius
1049 3801 1167 3874 transit,

119 3905 151 3966 et
183 3923 274 3966 auare
307 3906 509 3968 constratam
543 3923 601 3969 non
631 3908 758 3972 Graeciae
781 3907 920 3971 mendaci
953 3910 1006 3972 sed
1030 3908 1166 3973 Sostrate

116 4015 197 4075 recte
220 4009 418 4074 attribuitur..
462 4013 500 4075 In
522 4012 587 4093 ipso
615 4018 716 4078 autem
748 4014 838 4078 verbo
871 4018 1082 4092 constratam,
1115 4032 1167 4097 pro
