<?xml version="1.0" encoding="UTF-8"?>
<!DOCTYPE html PUBLIC "-//W3C//DTD XHTML 1.0 Transitional//EN"
    "http://www.w3.org/TR/xhtml1/DTD/xhtml1-transitional.dtd">
<html xmlns="http://www.w3.org/1999/xhtml" xml:lang="en" lang="en">
 <head>
  <title>
</title>
<meta http-equiv="Content-Type" content="text/html;charset=utf-8" />
  <meta name='ocr-system' content='tesseract 3.04.00' />
  <meta name='ocr-capabilities' content='ocr_page ocr_carea ocr_par ocr_line ocrx_word'/>
</head>
<body>
  <div class='ocr_page' id='page_1' title='image "./sermonemdjuniij00kiaegoog_0138.png"; bbox 0 0 2566 4404; ppageno 0'>
   <div class='ocr_carea' id='block_1_1' title="bbox 444 207 1046 276">
    <p class='ocr_par' dir='ltr' id='par_1_1' title="bbox 444 207 1046 276">
     <span class='ocr_line' id='line_1_1' title="bbox 444 207 1046 276; baseline -0.002 -17"><span class='ocrx_word' id='word_1_1' title='bbox 444 208 484 259; x_wconf 84' lang='lat' dir='ltr'>De</span> <span class='ocrx_word' id='word_1_2' title='bbox 504 207 609 273; x_wconf 88' lang='lat' dir='ltr'>ellipsi.</span> <span class='ocrx_word' id='word_1_3' title='bbox 986 213 1046 276; x_wconf 78' lang='lat'>125</span> 
     </span>
    </p>
   </div>
   <div class='ocr_carea' id='block_1_2' title="bbox 111 410 1141 4129">
    <p class='ocr_par' dir='ltr' id='par_1_2' title="bbox 111 410 1046 707">
     <span class='ocr_line' id='line_1_2' title="bbox 134 410 1045 491; baseline 0.001 -17"><span class='ocrx_word' id='word_1_4' title='bbox 134 413 284 474; x_wconf 86' lang='lat' dir='ltr'>commate</span> <span class='ocrx_word' id='word_1_5' title='bbox 318 410 439 482; x_wconf 78' lang='lat' dir='ltr'>incidit,</span> <span class='ocrx_word' id='word_1_6' title='bbox 467 427 558 491; x_wconf 89' lang='lat' dir='ltr'>quam</span> <span class='ocrx_word' id='word_1_7' title='bbox 580 410 806 475; x_wconf 76' lang='lat' dir='ltr'>distinctionem</span> <span class='ocrx_word' id='word_1_8' title='bbox 828 412 1045 475; x_wconf 88' lang='lat' dir='ltr'>commendans</span> 
     </span>
     <span class='ocr_line' id='line_1_3' title="bbox 111 516 1045 601; baseline 0.002 -20"><span class='ocrx_word' id='word_1_9' title='bbox 111 537 119 581; x_wconf 91' lang='grc' dir='ltr'>ι</span> <span class='ocrx_word' id='word_1_10' title='bbox 140 517 227 581; x_wconf 90' lang='lat' dir='ltr'>illam</span> <span class='ocrx_word' id='word_1_11' title='bbox 238 516 361 581; x_wconf 88' lang='lat' dir='ltr'>Weberi</span> <span class='ocrx_word' id='word_1_12' title='bbox 385 517 615 594; x_wconf 78' lang='lat' dir='ltr'>enarrationem,</span> <span class='ocrx_word' id='word_1_13' title='bbox 638 537 706 601; x_wconf 85' lang='lat' dir='ltr'>quae</span> <span class='ocrx_word' id='word_1_14' title='bbox 724 522 847 599; x_wconf 86' lang='lat' dir='ltr'>poetam</span> <span class='ocrx_word' id='word_1_15' title='bbox 868 517 967 600; x_wconf 87' lang='lat' dir='ltr'>agello</span> <span class='ocrx_word' id='word_1_16' title='bbox 989 538 1045 601; x_wconf 88' lang='lat' dir='ltr'>pa·</span> 
     </span>
     <span class='ocr_line' id='line_1_4' title="bbox 122 623 1046 707; baseline 0.002 -20"><span class='ocrx_word' id='word_1_17' title='bbox 122 623 324 688; x_wconf 82' lang='lat' dir='ltr'>adversarium</span> <span class='ocrx_word' id='word_1_18' title='bbox 362 625 571 704; x_wconf 86' lang='lat' dir='ltr'>provocantem</span> <span class='ocrx_word' id='word_1_19' title='bbox 607 624 683 688; x_wconf 86' lang='lat' dir='ltr'>mire</span> <span class='ocrx_word' id='word_1_20' title='bbox 723 624 826 706; x_wconf 83' lang='lat' dir='ltr'>tingit,</span> <span class='ocrx_word' id='word_1_21' title='bbox 856 625 926 707; x_wconf 89' lang='lat' dir='ltr'>juro</span> <span class='ocrx_word' id='word_1_22' title='bbox 958 645 1046 707; x_wconf 86' lang='lat' dir='ltr'>repu-</span> 
     </span>
    </p>

    <p class='ocr_par' dir='ltr' id='par_1_3' title="bbox 112 730 1141 4129">
     <span class='ocr_line' id='line_1_5' title="bbox 153 730 1046 813; baseline 0.002 -18"><span class='ocrx_word' id='word_1_23' title='bbox 153 731 285 796; x_wconf 83' lang='lat' dir='ltr'>Jahnius</span> <span class='ocrx_word' id='word_1_24' title='bbox 318 735 349 794; x_wconf 89' lang='lat' dir='ltr'>et</span> <span class='ocrx_word' id='word_1_25' title='bbox 372 730 576 810; x_wconf 88' lang='lat' dir='ltr'>Hermannus,</span> <span class='ocrx_word' id='word_1_26' title='bbox 610 731 661 812; x_wconf 93' lang='lat' dir='ltr'>qui</span> <span class='ocrx_word' id='word_1_27' title='bbox 694 748 799 795; x_wconf 91' lang='lat' dir='ltr'>omnes</span> <span class='ocrx_word' id='word_1_28' title='bbox 821 750 926 796; x_wconf 90' lang='lat' dir='ltr'>versus</span> <span class='ocrx_word' id='word_1_29' title='bbox 948 734 1046 813; x_wconf 84' lang='lat' dir='ltr'>poetae</span> 
     </span>
     <span class='ocr_line' id='line_1_6' title="bbox 113 835 1045 920; baseline 0.001 -20"><span class='ocrx_word' id='word_1_30' title='bbox 113 857 160 900; x_wconf 85' lang='lat' dir='ltr'>ere</span> <span class='ocrx_word' id='word_1_31' title='bbox 182 838 329 911; x_wconf 84' lang='lat' dir='ltr'>videntur,</span> <span class='ocrx_word' id='word_1_32' title='bbox 353 839 424 917; x_wconf 90' lang='lat' dir='ltr'>post</span> <span class='ocrx_word' id='word_1_33' title='bbox 445 835 566 920; x_wconf 80' lang='lat' dir='ltr'>sufficit</span> <span class='ocrx_word' id='word_1_34' title='bbox 588 843 627 910; x_wconf 85' lang='lat' dir='ltr'>(v.</span> <span class='ocrx_word' id='word_1_35' title='bbox 652 842 706 907; x_wconf 66' lang='lat'>53)</span> <span class='ocrx_word' id='word_1_36' title='bbox 730 838 853 919; x_wconf 88' lang='lat' dir='ltr'>signum</span> <span class='ocrx_word' id='word_1_37' title='bbox 876 838 1045 920; x_wconf 82' lang='lat' dir='ltr'>intorroga-</span> 
     </span>
     <span class='ocr_line' id='line_1_7' title="bbox 112 943 1044 1027; baseline 0.001 -20"><span class='ocrx_word' id='word_1_38' title='bbox 112 947 238 1027; x_wconf 79' lang='lat' dir='ltr'>ponunt,</span> <span class='ocrx_word' id='word_1_39' title='bbox 262 948 396 1007; x_wconf 86' lang='lat' dir='ltr'>ceterum</span> <span class='ocrx_word' id='word_1_40' title='bbox 413 943 639 1008; x_wconf 79' lang='lat' dir='ltr'>distinctionem</span> <span class='ocrx_word' id='word_1_41' title='bbox 650 944 821 1008; x_wconf 85' lang='lat' dir='ltr'>Heinriohii</span> <span class='ocrx_word' id='word_1_42' title='bbox 844 945 889 1008; x_wconf 89' lang='lat' dir='ltr'>ita</span> <span class='ocrx_word' id='word_1_43' title='bbox 911 964 1044 1025; x_wconf 90' lang='lat' dir='ltr'>sequun-</span> 
     </span>
     <span class='ocr_line' id='line_1_8' title="bbox 114 1050 1046 1133; baseline 0.004 -18"><span class='ocrx_word' id='word_1_44' title='bbox 114 1056 141 1124; x_wconf 88' lang='lat' dir='ltr'>t,</span> <span class='ocrx_word' id='word_1_45' title='bbox 174 1052 287 1114; x_wconf 86' lang='lat' dir='ltr'>multos</span> <span class='ocrx_word' id='word_1_46' title='bbox 321 1050 390 1114; x_wconf 86' lang='lat' dir='ltr'>illos</span> <span class='ocrx_word' id='word_1_47' title='bbox 424 1051 505 1114; x_wconf 90' lang='lat' dir='ltr'>locos</span> <span class='ocrx_word' id='word_1_48' title='bbox 538 1054 782 1125; x_wconf 80' lang='lat' dir='ltr'>contemnentes,</span> <span class='ocrx_word' id='word_1_49' title='bbox 811 1051 921 1132; x_wconf 91' lang='lat' dir='ltr'>quibus</span> <span class='ocrx_word' id='word_1_50' title='bbox 956 1054 1046 1133; x_wconf 85' lang='lat' dir='ltr'>poeta</span> 
     </span>
     <span class='ocr_line' id='line_1_9' title="bbox 139 1157 1044 1239; baseline 0.002 -19"><span class='ocrx_word' id='word_1_51' title='bbox 139 1159 283 1239; x_wconf 86' lang='lat' dir='ltr'>loquendi</span> <span class='ocrx_word' id='word_1_52' title='bbox 317 1158 375 1221; x_wconf 90' lang='lat' dir='ltr'>usu</span> <span class='ocrx_word' id='word_1_53' title='bbox 397 1176 504 1221; x_wconf 91' lang='lat' dir='ltr'>novam</span> <span class='ocrx_word' id='word_1_54' title='bbox 536 1157 719 1221; x_wconf 84' lang='lat' dir='ltr'>sententiam</span> <span class='ocrx_word' id='word_1_55' title='bbox 749 1162 860 1238; x_wconf 82' lang='lat' dir='ltr'>puncto</span> <span class='ocrx_word' id='word_1_56' title='bbox 890 1178 1044 1239; x_wconf 86' lang='lat' dir='ltr'>apraeoe-</span> 
     </span>
     <span class='ocr_line' id='line_1_10' title="bbox 114 1263 1045 1347; baseline 0.001 -19"><span class='ocrx_word' id='word_1_57' title='bbox 114 1265 282 1347; x_wconf 86' lang='lat' dir='ltr'>sejunctam</span> <span class='ocrx_word' id='word_1_58' title='bbox 305 1283 323 1328; x_wconf 87' lang='lat' dir='ltr'>a</span> <span class='ocrx_word' id='word_1_59' title='bbox 345 1265 546 1346; x_wconf 79' lang='lat' dir='ltr'>particulaet</span> <span class='ocrx_word' id='word_1_60' title='bbox 567 1265 709 1346; x_wconf 87' lang='lat' dir='ltr'>incipiat:</span> <span class='ocrx_word' id='word_1_61' title='bbox 749 1263 859 1342; x_wconf 85' lang='lat' dir='ltr'>Vioot,</span> <span class='ocrx_word' id='word_1_62' title='bbox 889 1264 1045 1344; x_wconf 83' lang='lat' dir='ltr'>Fidenis;</span> 
     </span>
     <span class='ocr_line' id='line_1_11' title="bbox 114 1371 1045 1451; baseline 0.002 -17"><span class='ocrx_word' id='word_1_63' title='bbox 114 1371 153 1436; x_wconf 79' lang='lat' dir='ltr'>uo</span> <span class='ocrx_word' id='word_1_64' title='bbox 178 1372 251 1435; x_wconf 83' lang='lat' dir='ltr'>codo</span> <span class='ocrx_word' id='word_1_65' title='bbox 267 1375 420 1451; x_wconf 80' lang='lat' dir='ltr'>paterno.</span> <span class='ocrx_word' id='word_1_66' title='bbox 458 1373 539 1451; x_wconf 74' lang='lat' dir='ltr'>Quis</span> <span class='ocrx_word' id='word_1_67' title='bbox 561 1376 670 1435; x_wconf 82' lang='lat' dir='ltr'>tumen</span> <span class='ocrx_word' id='word_1_68' title='bbox 691 1391 760 1451; x_wconf 80' lang='lat' dir='ltr'>sqq.</span> <span class='ocrx_word' id='word_1_69' title='bbox 785 1373 884 1435; x_wconf 88' lang='lat' dir='ltr'>edant.</span> <span class='ocrx_word' id='word_1_70' title='bbox 913 1372 1045 1437; x_wconf 88' lang='lat' dir='ltr'>Vocibus</span> 
     </span>
     <span class='ocr_line' id='line_1_12' title="bbox 115 1467 1046 1560; baseline -0.001 -15"><span class='ocrx_word' id='word_1_71' title='bbox 115 1529 117 1545; x_wconf 86' lang='lat'><em>.</em></span> <span class='ocrx_word' id='word_1_72' title='bbox 155 1499 223 1560; x_wconf 85' lang='lat' dir='ltr'>quae</span> <span class='ocrx_word' id='word_1_73' title='bbox 246 1467 322 1542; x_wconf 89' lang='lat' dir='ltr'>sunt</span> <span class='ocrx_word' id='word_1_74' title='bbox 345 1498 425 1559; x_wconf 79' lang='lat' dir='ltr'>apro</span> <span class='ocrx_word' id='word_1_75' title='bbox 442 1482 600 1558; x_wconf 78' lang='lat' dir='ltr'>paterno,</span> <span class='ocrx_word' id='word_1_76' title='bbox 638 1482 830 1559; x_wconf 88' lang='lat' dir='ltr'>opponuntur</span> <span class='ocrx_word' id='word_1_77' title='bbox 864 1483 986 1543; x_wconf 76' lang='lat' dir='ltr'>niontes</span> <span class='ocrx_word' id='word_1_78' title='bbox 1016 1485 1046 1544; x_wconf 86' lang='lat' dir='ltr'>et</span> 
     </span>
     <span class='ocr_line' id='line_1_13' title="bbox 115 1584 1045 1666; baseline 0.001 -17"><span class='ocrx_word' id='word_1_79' title='bbox 115 1605 173 1659; x_wconf 80' lang='lat' dir='ltr'>cce,</span> <span class='ocrx_word' id='word_1_80' title='bbox 209 1586 406 1666; x_wconf 89' lang='lat' dir='ltr'>quamobrem</span> <span class='ocrx_word' id='word_1_81' title='bbox 432 1586 470 1647; x_wconf 85' lang='lat' dir='ltr'>ad</span> <span class='ocrx_word' id='word_1_82' title='bbox 491 1585 596 1648; x_wconf 86' lang='lat' dir='ltr'>verba:</span> <span class='ocrx_word' id='word_1_83' title='bbox 629 1584 676 1647; x_wconf 85' lang='lat' dir='ltr'>Et</span> <span class='ocrx_word' id='word_1_84' title='bbox 692 1584 797 1665; x_wconf 76' lang='lat' dir='ltr'>apello</span> <span class='ocrx_word' id='word_1_85' title='bbox 816 1585 890 1649; x_wconf 87' lang='lat' dir='ltr'>cedo</span> <span class='ocrx_word' id='word_1_86' title='bbox 902 1590 1045 1666; x_wconf 80' lang='lat' dir='ltr'>paterno</span> 
     </span>
     <span class='ocr_line' id='line_1_14' title="bbox 115 1692 1045 1773; baseline 0.002 -19"><span class='ocrx_word' id='word_1_87' title='bbox 115 1715 120 1754; x_wconf 86' lang='grc' dir='ltr'>ι</span> <span class='ocrx_word' id='word_1_88' title='bbox 135 1703 214 1763; x_wconf 81' lang='lat' dir='ltr'>(eam</span> <span class='ocrx_word' id='word_1_89' title='bbox 226 1693 271 1755; x_wconf 90' lang='lat' dir='ltr'>sic</span> <span class='ocrx_word' id='word_1_90' title='bbox 281 1693 416 1763; x_wconf 76' lang='lat' dir='ltr'>uixisse)</span> <span class='ocrx_word' id='word_1_91' title='bbox 428 1710 462 1754; x_wconf 88' lang='lat' dir='ltr'>ex</span> <span class='ocrx_word' id='word_1_92' title='bbox 469 1692 709 1773; x_wconf 84' lang='lat' dir='ltr'>praecedentibus</span> <span class='ocrx_word' id='word_1_93' title='bbox 721 1693 820 1756; x_wconf 85' lang='lat' dir='ltr'>verbis</span> <span class='ocrx_word' id='word_1_94' title='bbox 832 1694 941 1769; x_wconf 81' lang='lat' dir='ltr'>(ciunt,</span> <span class='ocrx_word' id='word_1_95' title='bbox 952 1694 1045 1771; x_wconf 75' lang='lat' dir='ltr'>visit,</span> 
     </span>
     <span class='ocr_line' id='line_1_15' title="bbox 116 1799 1046 1878; baseline 0.001 -15"><span class='ocrx_word' id='word_1_96' title='bbox 116 1803 231 1863; x_wconf 86' lang='lat' dir='ltr'>mutata</span> <span class='ocrx_word' id='word_1_97' title='bbox 244 1799 400 1862; x_wconf 77' lang='lat' dir='ltr'>formaris</span> <span class='ocrx_word' id='word_1_98' title='bbox 416 1800 628 1862; x_wconf 85' lang='lat' dir='ltr'>arcessendum</span> <span class='ocrx_word' id='word_1_99' title='bbox 641 1803 697 1878; x_wconf 77' lang='lat' dir='ltr'>est,</span> <span class='ocrx_word' id='word_1_100' title='bbox 711 1799 763 1861; x_wconf 86' lang='lat' dir='ltr'>sod</span> <span class='ocrx_word' id='word_1_101' title='bbox 776 1818 863 1863; x_wconf 88' lang='lat' dir='ltr'>voces</span> <span class='ocrx_word' id='word_1_102' title='bbox 875 1799 925 1863; x_wconf 82' lang='lat' dir='ltr'>nil</span> <span class='ocrx_word' id='word_1_103' title='bbox 937 1805 1046 1864; x_wconf 82' lang='lat' dir='ltr'>notum</span> 
     </span>
     <span class='ocr_line' id='line_1_16' title="bbox 116 1904 1044 1987; baseline 0.002 -18"><span class='ocrx_word' id='word_1_104' title='bbox 116 1905 206 1970; x_wconf 79' lang='lat' dir='ltr'>tentia</span> <span class='ocrx_word' id='word_1_105' title='bbox 228 1906 367 1987; x_wconf 88' lang='lat' dir='ltr'>sequenti</span> <span class='ocrx_word' id='word_1_106' title='bbox 388 1907 563 1969; x_wconf 85' lang='lat' dir='ltr'>revocandae</span> <span class='ocrx_word' id='word_1_107' title='bbox 586 1914 672 1969; x_wconf 91' lang='lat' dir='ltr'>sunt:</span> <span class='ocrx_word' id='word_1_108' title='bbox 706 1904 752 1967; x_wconf 84' lang='lat' dir='ltr'>Et</span> <span class='ocrx_word' id='word_1_109' title='bbox 780 1905 884 1987; x_wconf 78' lang='lat' dir='ltr'>apollo</span> <span class='ocrx_word' id='word_1_110' title='bbox 901 1911 1044 1987; x_wconf 80' lang='lat' dir='ltr'>paterno</span> 
     </span>
     <span class='ocr_line' id='line_1_17' title="bbox 116 2012 1103 2104; baseline 0.01 -31"><span class='ocrx_word' id='word_1_111' title='bbox 116 2016 177 2076; x_wconf 79' lang='lat' dir='ltr'>tum</span> <span class='ocrx_word' id='word_1_112' title='bbox 200 2014 282 2086; x_wconf 84' lang='lat' dir='ltr'>cedo,</span> <span class='ocrx_word' id='word_1_113' title='bbox 317 2015 391 2104; x_wconf 73' lang='lat' dir='ltr'>quis</span> <span class='ocrx_word' id='word_1_114' title='bbox 415 2018 522 2077; x_wconf 83' lang='lat' dir='ltr'>tumen</span> <span class='ocrx_word' id='word_1_115' title='bbox 545 2012 703 2098; x_wconf 79' lang='lat' dir='ltr'>affirmat,</span> <span class='ocrx_word' id='word_1_116' title='bbox 739 2013 776 2076; x_wconf 78' lang='lat' dir='ltr'>iii</span> <span class='ocrx_word' id='word_1_117' title='bbox 798 2015 962 2078; x_wconf 81' lang='lat' dir='ltr'>montibus</span> <span class='ocrx_word' id='word_1_118' title='bbox 985 2019 1045 2079; x_wconf 81' lang='lat' dir='ltr'>nui</span> <span class='ocrx_word' id='word_1_119' title='bbox 1099 2075 1103 2083; x_wconf 92' lang='lat'>.</span> 
     </span>
     <span class='ocr_line' id='line_1_18' title="bbox 116 2119 1141 2202; baseline 0.004 -21"><span class='ocrx_word' id='word_1_120' title='bbox 116 2119 434 2196; x_wconf 59' lang='lat' dir='ltr'>concucurrerunt,</span> <span class='ocrx_word' id='word_1_121' title='bbox 464 2124 494 2183; x_wconf 90' lang='lat' dir='ltr'>et</span> <span class='ocrx_word' id='word_1_122' title='bbox 526 2124 596 2201; x_wconf 93' lang='lat' dir='ltr'>post</span> <span class='ocrx_word' id='word_1_123' title='bbox 611 2124 753 2201; x_wconf 79' lang='lat' dir='ltr'>paterno</span> <span class='ocrx_word' id='word_1_124' title='bbox 777 2139 836 2184; x_wconf 93' lang='lat' dir='ltr'>non</span> <span class='ocrx_word' id='word_1_125' title='bbox 859 2123 971 2202; x_wconf 90' lang='lat' dir='ltr'>puncto</span> <span class='ocrx_word' id='word_1_126' title='bbox 993 2123 1047 2186; x_wconf 90' lang='lat' dir='ltr'>sed</span> <span class='ocrx_word' id='word_1_127' title='bbox 1136 2177 1141 2185; x_wconf 88' lang='lat'><strong>.</strong></span> 
     </span>
     <span class='ocr_line' id='line_1_19' title="bbox 118 2227 1047 2307; baseline 0.002 -17"><span class='ocrx_word' id='word_1_128' title='bbox 118 2230 148 2290; x_wconf 90' lang='lat' dir='ltr'>te</span> <span class='ocrx_word' id='word_1_129' title='bbox 182 2227 273 2290; x_wconf 88' lang='lat' dir='ltr'>incidi</span> <span class='ocrx_word' id='word_1_130' title='bbox 306 2228 403 2291; x_wconf 87' lang='lat' dir='ltr'>debet.</span> <span class='ocrx_word' id='word_1_131' title='bbox 470 2227 584 2290; x_wconf 86' lang='lat' dir='ltr'>Versus</span> <span class='ocrx_word' id='word_1_132' title='bbox 623 2227 681 2307; x_wconf 89' lang='lat' dir='ltr'>ipsi</span> <span class='ocrx_word' id='word_1_133' title='bbox 722 2227 837 2290; x_wconf 86' lang='lat' dir='ltr'>nuliam</span> <span class='ocrx_word' id='word_1_134' title='bbox 880 2229 1047 2292; x_wconf 87' lang='lat' dir='ltr'>difficulta-</span> 
     </span>
     <span class='ocr_line' id='line_1_20' title="bbox 117 2333 1046 2416; baseline 0.002 -19"><span class='ocrx_word' id='word_1_135' title='bbox 117 2334 207 2408; x_wconf 80' lang='lat' dir='ltr'>ibent</span> <span class='ocrx_word' id='word_1_136' title='bbox 229 2353 299 2396; x_wconf 86' lang='lat' dir='ltr'>narn</span> <span class='ocrx_word' id='word_1_137' title='bbox 325 2335 433 2410; x_wconf 78' lang='lat' dir='ltr'>umba,¹</span> <span class='ocrx_word' id='word_1_138' title='bbox 456 2354 524 2415; x_wconf 82' lang='lat' dir='ltr'>quae</span> <span class='ocrx_word' id='word_1_139' title='bbox 547 2338 617 2397; x_wconf 88' lang='lat' dir='ltr'>sunt</span> <span class='ocrx_word' id='word_1_140' title='bbox 651 2333 750 2397; x_wconf 80' lang='lat' dir='ltr'>Ocius</span> <span class='ocrx_word' id='word_1_141' title='bbox 772 2333 860 2397; x_wconf 79' lang='lat' dir='ltr'>illud</span> <span class='ocrx_word' id='word_1_142' title='bbox 880 2339 1046 2416; x_wconf 72' lang='lat' dir='ltr'>extorque-</span> 
     </span>
     <span class='ocr_line' id='line_1_21' title="bbox 117 2440 1046 2516; baseline 0.004 -15"><span class='ocrx_word' id='word_1_143' title='bbox 117 2444 136 2502; x_wconf 73' lang='lat' dir='ltr'>o*</span> <span class='ocrx_word' id='word_1_144' title='bbox 158 2441 223 2503; x_wconf 80' lang='lat' dir='ltr'>iiaeo</span> <span class='ocrx_word' id='word_1_145' title='bbox 246 2440 336 2504; x_wconf 83' lang='lat' dir='ltr'>oculo</span> <span class='ocrx_word' id='word_1_146' title='bbox 366 2445 516 2504; x_wconf 82' lang='lat' dir='ltr'>contento</span> <span class='ocrx_word' id='word_1_147' title='bbox 538 2442 583 2504; x_wconf 82' lang='lat' dir='ltr'>sii</span> <span class='ocrx_word' id='word_1_148' title='bbox 610 2461 690 2516; x_wconf 81' lang='lat' dir='ltr'>uno,</span> <span class='ocrx_word' id='word_1_149' title='bbox 724 2443 767 2504; x_wconf 86' lang='lat' dir='ltr'>ita</span> <span class='ocrx_word' id='word_1_150' title='bbox 795 2445 831 2504; x_wconf 91' lang='lat' dir='ltr'>ut</span> <span class='ocrx_word' id='word_1_151' title='bbox 853 2445 1046 2506; x_wconf 84' lang='lat' dir='ltr'>enarrentur:</span> 
     </span>
     <span class='ocr_line' id='line_1_22' title="bbox 118 2547 1047 2629; baseline 0.004 -19"><span class='ocrx_word' id='word_1_152' title='bbox 118 2547 232 2611; x_wconf 84' lang='lat' dir='ltr'>itatem</span> <span class='ocrx_word' id='word_1_153' title='bbox 252 2548 281 2610; x_wconf 86' lang='lat' dir='ltr'>vi</span> <span class='ocrx_word' id='word_1_154' title='bbox 304 2552 522 2614; x_wconf 89' lang='lat' dir='ltr'>tormentorum</span> <span class='ocrx_word' id='word_1_155' title='bbox 551 2549 587 2610; x_wconf 85' lang='lat' dir='ltr'>ab</span> <span class='ocrx_word' id='word_1_156' title='bbox 616 2567 652 2611; x_wconf 88' lang='lat' dir='ltr'>ea</span> <span class='ocrx_word' id='word_1_157' title='bbox 675 2551 850 2629; x_wconf 83' lang='lat' dir='ltr'>extorquere</span> <span class='ocrx_word' id='word_1_158' title='bbox 874 2550 981 2623; x_wconf 85' lang='lat' dir='ltr'>velles,</span> <span class='ocrx_word' id='word_1_159' title='bbox 1016 2570 1047 2614; x_wconf 87' lang='lat' dir='ltr'>ss</span> 
     </span>
     <span class='ocr_line' id='line_1_23' title="bbox 123 2656 1044 2736; baseline -0.004 -19"><span class='ocrx_word' id='word_1_160' title='bbox 123 2674 182 2718; x_wconf 93' lang='lat' dir='ltr'>uno</span> <span class='ocrx_word' id='word_1_161' title='bbox 206 2656 292 2718; x_wconf 87' lang='lat' dir='ltr'>oculo</span> <span class='ocrx_word' id='word_1_162' title='bbox 311 2674 400 2736; x_wconf 86' lang='lat' dir='ltr'>quam</span> <span class='ocrx_word' id='word_1_163' title='bbox 426 2674 485 2720; x_wconf 94' lang='lat' dir='ltr'>uno</span> <span class='ocrx_word' id='word_1_164' title='bbox 507 2656 570 2719; x_wconf 88' lang='lat' dir='ltr'>viro</span> <span class='ocrx_word' id='word_1_165' title='bbox 592 2659 766 2719; x_wconf 81' lang='lat' dir='ltr'>contentam</span> <span class='ocrx_word' id='word_1_166' title='bbox 790 2658 853 2718; x_wconf 86' lang='lat' dir='ltr'>fore</span> <span class='ocrx_word' id='word_1_167' title='bbox 877 2656 1044 2719; x_wconf 78' lang='lat' dir='ltr'>fateretur«</span> 
     </span>
     <span class='ocr_line' id='line_1_24' title="bbox 118 2762 1043 2844; baseline 0 -20"><span class='ocrx_word' id='word_1_168' title='bbox 118 2762 133 2824; x_wconf 89' lang='lat' dir='ltr'>i</span> <span class='ocrx_word' id='word_1_169' title='bbox 156 2781 214 2825; x_wconf 90' lang='lat' dir='ltr'>non</span> <span class='ocrx_word' id='word_1_170' title='bbox 237 2781 340 2842; x_wconf 89' lang='lat' dir='ltr'>posse,</span> <span class='ocrx_word' id='word_1_171' title='bbox 365 2763 412 2824; x_wconf 84' lang='lat' dir='ltr'>vix</span> <span class='ocrx_word' id='word_1_172' title='bbox 436 2766 491 2838; x_wconf 88' lang='lat' dir='ltr'>est,</span> <span class='ocrx_word' id='word_1_173' title='bbox 515 2764 594 2844; x_wconf 89' lang='lat' dir='ltr'>quod</span> <span class='ocrx_word' id='word_1_174' title='bbox 618 2781 772 2844; x_wconf 69' lang='lat' dir='ltr'>moneam,</span> <span class='ocrx_word' id='word_1_175' title='bbox 796 2781 865 2825; x_wconf 79' lang='lat' dir='ltr'>nani</span> <span class='ocrx_word' id='word_1_176' title='bbox 889 2764 970 2826; x_wconf 88' lang='lat' dir='ltr'>inter</span> <span class='ocrx_word' id='word_1_177' title='bbox 993 2763 1043 2825; x_wconf 90' lang='lat' dir='ltr'>ad·</span> 
     </span>
     <span class='ocr_line' id='line_1_25' title="bbox 117 2851 1048 2951; baseline -0.001 -20"><span class='ocrx_word' id='word_1_178' title='bbox 117 2888 166 2931; x_wconf 92' lang='lat' dir='ltr'>um</span> <span class='ocrx_word' id='word_1_179' title='bbox 200 2869 303 2932; x_wconf 87' lang='lat' dir='ltr'>fiotum</span> <span class='ocrx_word' id='word_1_180' title='bbox 329 2874 360 2933; x_wconf 92' lang='lat' dir='ltr'>et</span> <span class='ocrx_word' id='word_1_181' title='bbox 387 2874 504 2950; x_wconf 87' lang='lat' dir='ltr'>poetam</span> <span class='ocrx_word' id='word_1_182' title='bbox 534 2888 582 2932; x_wconf 89' lang='lat' dir='ltr'>res</span> <span class='ocrx_word' id='word_1_183' title='bbox 605 2851 719 2951; x_wconf 59' lang='lat' dir='ltr'>agitur}</span> <span class='ocrx_word' id='word_1_184' title='bbox 767 2869 957 2932; x_wconf 78' lang='lat' dir='ltr'>Coharontia</span> <span class='ocrx_word' id='word_1_185' title='bbox 985 2888 1048 2932; x_wconf 89' lang='lat' dir='ltr'>sor-</span> 
     </span>
     <span class='ocr_line' id='line_1_26' title="bbox 122 2974 1048 3056; baseline 0.001 -18"><span class='ocrx_word' id='word_1_186' title='bbox 122 2975 282 3056; x_wconf 86' lang='lat' dir='ltr'>perspicua</span> <span class='ocrx_word' id='word_1_187' title='bbox 304 2980 360 3040; x_wconf 89' lang='lat' dir='ltr'>est.</span> <span class='ocrx_word' id='word_1_188' title='bbox 404 2977 505 3040; x_wconf 88' lang='lat' dir='ltr'>Verba</span> <span class='ocrx_word' id='word_1_189' title='bbox 527 2976 622 3040; x_wconf 90' lang='lat' dir='ltr'>onim:</span> <span class='ocrx_word' id='word_1_190' title='bbox 656 2974 754 3039; x_wconf 82' lang='lat' dir='ltr'>Ocius</span> <span class='ocrx_word' id='word_1_191' title='bbox 776 2975 862 3039; x_wconf 83' lang='lat' dir='ltr'>iilud</span> <span class='ocrx_word' id='word_1_192' title='bbox 883 2980 1048 3055; x_wconf 78' lang='lat' dir='ltr'>extorque-</span> 
     </span>
     <span class='ocr_line' id='line_1_27' title="bbox 136 3083 1048 3164; baseline 0.001 -20"><span class='ocrx_word' id='word_1_193' title='bbox 136 3103 211 3156; x_wconf 84' lang='lat' dir='ltr'>nno,</span> <span class='ocrx_word' id='word_1_194' title='bbox 235 3084 315 3164; x_wconf 92' lang='lat' dir='ltr'>quod</span> <span class='ocrx_word' id='word_1_195' title='bbox 337 3084 403 3164; x_wconf 89' lang='lat' dir='ltr'>ipsa</span> <span class='ocrx_word' id='word_1_196' title='bbox 426 3085 568 3147; x_wconf 84' lang='lat' dir='ltr'>orationis</span> <span class='ocrx_word' id='word_1_197' title='bbox 592 3084 687 3147; x_wconf 87' lang='lat' dir='ltr'>forma</span> <span class='ocrx_word' id='word_1_198' title='bbox 712 3084 786 3147; x_wconf 89' lang='lat' dir='ltr'>satis</span> <span class='ocrx_word' id='word_1_199' title='bbox 810 3086 913 3153; x_wconf 85' lang='lat' dir='ltr'>docet,</span> <span class='ocrx_word' id='word_1_200' title='bbox 947 3083 1048 3146; x_wconf 85' lang='lat' dir='ltr'>verbis</span> 
     </span>
     <span class='ocr_line' id='line_1_28' title="bbox 119 3189 1047 3274; baseline 0 -22"><span class='ocrx_word' id='word_1_201' title='bbox 119 3189 290 3253; x_wconf 69' lang='lat' dir='ltr'>Hiberinae</span> <span class='ocrx_word' id='word_1_202' title='bbox 311 3191 363 3253; x_wconf 69' lang='lat' dir='ltr'>oie</span> <span class='ocrx_word' id='word_1_203' title='bbox 384 3189 506 3274; x_wconf 81' lang='lat' dir='ltr'>sufficit</span> <span class='ocrx_word' id='word_1_204' title='bbox 532 3191 577 3254; x_wconf 86' lang='lat' dir='ltr'>ita</span> <span class='ocrx_word' id='word_1_205' title='bbox 599 3193 805 3272; x_wconf 87' lang='lat' dir='ltr'>opponuntur,</span> <span class='ocrx_word' id='word_1_206' title='bbox 836 3193 872 3252; x_wconf 91' lang='lat' dir='ltr'>ut</span> <span class='ocrx_word' id='word_1_207' title='bbox 893 3192 1047 3271; x_wconf 84' lang='lat' dir='ltr'>appareat,</span> 
     </span>
     <span class='ocr_line' id='line_1_29' title="bbox 119 3296 1047 3378; baseline -0.002 -18"><span class='ocrx_word' id='word_1_208' title='bbox 119 3296 261 3360; x_wconf 73' lang='lat' dir='ltr'>iiberinae</span> <span class='ocrx_word' id='word_1_209' title='bbox 283 3298 405 3360; x_wconf 87' lang='lat' dir='ltr'>laudem</span> <span class='ocrx_word' id='word_1_210' title='bbox 428 3318 488 3361; x_wconf 90' lang='lat' dir='ltr'>uon</span> <span class='ocrx_word' id='word_1_211' title='bbox 509 3298 611 3360; x_wconf 89' lang='lat' dir='ltr'>minus</span> <span class='ocrx_word' id='word_1_212' title='bbox 630 3297 784 3360; x_wconf 86' lang='lat' dir='ltr'>evidenter·</span> <span class='ocrx_word' id='word_1_213' title='bbox 807 3315 898 3378; x_wconf 89' lang='lat' dir='ltr'>quam</span> <span class='ocrx_word' id='word_1_214' title='bbox 921 3315 1047 3376; x_wconf 88' lang='lat' dir='ltr'>soquen-</span> 
     </span>
     <span class='ocr_line' id='line_1_30' title="bbox 120 3403 1047 3486; baseline -0.002 -19"><span class='ocrx_word' id='word_1_215' title='bbox 120 3405 165 3467; x_wconf 71' lang='lat' dir='ltr'>rba</span> <span class='ocrx_word' id='word_1_216' title='bbox 193 3404 325 3485; x_wconf 77' lang='lat' dir='ltr'>Mapnu</span> <span class='ocrx_word' id='word_1_217' title='bbox 361 3408 469 3468; x_wconf 80' lang='lat' dir='ltr'>tumea</span> <span class='ocrx_word' id='word_1_218' title='bbox 483 3403 582 3486; x_wconf 82' lang='lat' dir='ltr'>famu</span> <span class='ocrx_word' id='word_1_219' title='bbox 612 3408 658 3467; x_wconf 83' lang='lat' dir='ltr'>est</span> <span class='ocrx_word' id='word_1_220' title='bbox 688 3404 859 3466; x_wconf 82' lang='lat' dir='ltr'>cuiusdam</span> <span class='ocrx_word' id='word_1_221' title='bbox 881 3424 959 3467; x_wconf 75' lang='lat' dir='ltr'>aare</span> <span class='ocrx_word' id='word_1_222' title='bbox 986 3424 1047 3484; x_wconf 79' lang='lat' dir='ltr'>pu·</span> 
     </span>
     <span class='ocr_line' id='line_1_31' title="bbox 120 3510 1048 3594; baseline 0.001 -21"><span class='ocrx_word' id='word_1_223' title='bbox 120 3513 266 3586; x_wconf 77' lang='lat' dir='ltr'>niventia,</span> <span class='ocrx_word' id='word_1_224' title='bbox 301 3533 367 3594; x_wconf 81' lang='lat' dir='ltr'>quoe</span> <span class='ocrx_word' id='word_1_225' title='bbox 382 3512 489 3581; x_wconf 79' lang='lat' dir='ltr'>uerbis</span> <span class='ocrx_word' id='word_1_226' title='bbox 513 3510 752 3591; x_wconf 78' lang='lat' dir='ltr'>praecedentibus</span> <span class='ocrx_word' id='word_1_227' title='bbox 775 3515 979 3592; x_wconf 85' lang='lat' dir='ltr'>opponuntur,</span> <span class='ocrx_word' id='word_1_228' title='bbox 1013 3530 1048 3574; x_wconf 85' lang='lat' dir='ltr'>ex</span> 
     </span>
     <span class='ocr_line' id='line_1_32' title="bbox 120 3611 1048 3700; baseline 0 -20"><span class='ocrx_word' id='word_1_229' title='bbox 120 3620 207 3682; x_wconf 72' lang='lat' dir='ltr'>»dici</span> <span class='ocrx_word' id='word_1_230' title='bbox 232 3619 316 3700; x_wconf 86' lang='lat' dir='ltr'>fingi.</span> <span class='ocrx_word' id='word_1_231' title='bbox 373 3618 494 3699; x_wconf 84' lang='lat' dir='ltr'>Dialogi</span> <span class='ocrx_word' id='word_1_232' title='bbox 518 3618 616 3681; x_wconf 85' lang='lat' dir='ltr'>forma</span> <span class='ocrx_word' id='word_1_233' title='bbox 645 3611 723 3698; x_wconf 86' lang='lat' dir='ltr'>apud</span> <span class='ocrx_word' id='word_1_234' title='bbox 754 3617 928 3680; x_wconf 75' lang='lat' dir='ltr'>[iuvenalem</span> <span class='ocrx_word' id='word_1_235' title='bbox 957 3618 1048 3680; x_wconf 85' lang='lat' dir='ltr'>raris·</span> 
     </span>
     <span class='ocr_line' id='line_1_33' title="bbox 120 3724 1048 3806; baseline -0.002 -17"><span class='ocrx_word' id='word_1_236' title='bbox 120 3730 158 3805; x_wconf 88' lang='lat' dir='ltr'>st,</span> <span class='ocrx_word' id='word_1_237' title='bbox 181 3745 284 3789; x_wconf 86' lang='lat' dir='ltr'>verum</span> <span class='ocrx_word' id='word_1_238' title='bbox 309 3726 413 3789; x_wconf 87' lang='lat' dir='ltr'>crebro</span> <span class='ocrx_word' id='word_1_239' title='bbox 436 3730 539 3806; x_wconf 75' lang='lat' dir='ltr'>poeta,</span> <span class='ocrx_word' id='word_1_240' title='bbox 579 3744 646 3806; x_wconf 85' lang='lat' dir='ltr'>quae</span> <span class='ocrx_word' id='word_1_241' title='bbox 669 3724 832 3805; x_wconf 82' lang='lat' dir='ltr'>abaliquo</span> <span class='ocrx_word' id='word_1_242' title='bbox 862 3724 1048 3788; x_wconf 87' lang='lat' dir='ltr'>contradici</span> 
     </span>
     <span class='ocr_line' id='line_1_34' title="bbox 120 3829 1047 3914; baseline -0.002 -20"><span class='ocrx_word' id='word_1_243' title='bbox 120 3833 298 3914; x_wconf 71' lang='lat' dir='ltr'>suspicatur,</span> <span class='ocrx_word' id='word_1_244' title='bbox 333 3834 397 3912; x_wconf 89' lang='lat' dir='ltr'>ipse</span> <span class='ocrx_word' id='word_1_245' title='bbox 421 3833 527 3895; x_wconf 89' lang='lat' dir='ltr'>cadom</span> <span class='ocrx_word' id='word_1_246' title='bbox 549 3833 646 3895; x_wconf 78' lang='lat' dir='ltr'>forma</span> <span class='ocrx_word' id='word_1_247' title='bbox 667 3831 796 3912; x_wconf 87' lang='lat' dir='ltr'>profert,</span> <span class='ocrx_word' id='word_1_248' title='bbox 830 3829 921 3911; x_wconf 76' lang='lat' dir='ltr'>atque</span> <span class='ocrx_word' id='word_1_249' title='bbox 945 3830 972 3893; x_wconf 93' lang='lat' dir='ltr'>si</span> <span class='ocrx_word' id='word_1_250' title='bbox 994 3831 1047 3892; x_wconf 88' lang='lat' dir='ltr'>ad-</span> 
     </span>
     <span class='ocr_line' id='line_1_35' title="bbox 120 3936 1133 4019; baseline -0.007 -16"><span class='ocrx_word' id='word_1_251' title='bbox 120 3959 152 4003; x_wconf 95' lang='lat' dir='ltr'>us</span> <span class='ocrx_word' id='word_1_252' title='bbox 175 3958 210 4002; x_wconf 86' lang='lat' dir='ltr'>ea</span> <span class='ocrx_word' id='word_1_253' title='bbox 232 3940 366 4003; x_wconf 83' lang='lat' dir='ltr'>dixisset.</span> <span class='ocrx_word' id='word_1_254' title='bbox 423 3940 498 4018; x_wconf 74' lang='lat' dir='ltr'>Quae</span> <span class='ocrx_word' id='word_1_255' title='bbox 521 3958 615 4019; x_wconf 92' lang='lat' dir='ltr'>quum</span> <span class='ocrx_word' id='word_1_256' title='bbox 637 3939 682 4000; x_wconf 87' lang='lat' dir='ltr'>ita</span> <span class='ocrx_word' id='word_1_257' title='bbox 705 3937 783 4018; x_wconf 69' lang='lat' dir='ltr'>sint,</span> <span class='ocrx_word' id='word_1_258' title='bbox 810 3936 874 4000; x_wconf 86' lang='lat' dir='ltr'>sive</span> <span class='ocrx_word' id='word_1_259' title='bbox 897 3936 1048 3998; x_wconf 79' lang='lat' dir='ltr'>Hiberica</span> <span class='ocrx_word' id='word_1_260' title='bbox 1123 4001 1133 4015; x_wconf 48' lang='grc'><strong>,</strong></span> 
     </span>
     <span class='ocr_line' id='line_1_36' title="bbox 132 4039 1083 4129; baseline 0.001 -20"><span class='ocrx_word' id='word_1_261' title='bbox 132 4047 237 4111; x_wconf 86' lang='lat' dir='ltr'>fiotum</span> <span class='ocrx_word' id='word_1_262' title='bbox 271 4053 393 4129; x_wconf 86' lang='lat' dir='ltr'>(sponsa</span> <span class='ocrx_word' id='word_1_263' title='bbox 416 4047 562 4112; x_wconf 89' lang='lat' dir='ltr'>Postumi</span> <span class='ocrx_word' id='word_1_264' title='bbox 584 4047 711 4119; x_wconf 86' lang='lat' dir='ltr'>omnino</span> <span class='ocrx_word' id='word_1_265' title='bbox 742 4065 814 4112; x_wconf 82' lang='lat' dir='ltr'>essa</span> <span class='ocrx_word' id='word_1_266' title='bbox 834 4043 965 4126; x_wconf 51' lang='lat' dir='ltr'>neudum</span> <span class='ocrx_word' id='word_1_267' title='bbox 997 4039 1083 4110; x_wconf 68' lang='lat' dir='ltr'>sss,</span> 
     </span>
    </p>
   </div>
   <div class='ocr_carea' id='block_1_3' title="bbox 0 0 1295 4404">
    <p class='ocr_par' dir='ltr' id='par_1_4' title="bbox 0 0 1295 4404">
     <span class='ocr_line' id='line_1_37' title="bbox 0 0 1295 4404; baseline 0 0"><span class='ocrx_word' id='word_1_268' title='bbox 0 0 1295 4404; x_wconf 95' lang='lat' dir='ltr'> </span> 
     </span>
    </p>
   </div>
  </div>
 </body>
</html>
