2566 4404
123 193 125 197 ’
181 193 231 269 ,78
506 190 548 242 De
566 189 717 256 particulis
738 188 918 256 copulativis.

190 394 295 457 crebro
317 393 382 457 sine
405 391 515 476 copula
531 390 646 475 jungit,
670 395 705 454 ut
726 408 816 454 nemo
838 410 943 455 eorum
964 391 996 455 in
1018 393 1078 457 hoc
1100 392 1233 474 loquendi

189 518 299 583 genere
333 500 371 563 ad
399 517 469 563 eum
497 498 629 562 accedat.
674 498 776 561 Etiam
809 497 861 561 ubi
894 498 1048 581 objectum
1084 499 1232 579 utriusque

189 606 349 671 sententiae
384 624 543 669 commune
575 606 607 668 in
636 607 736 691 priore
770 605 905 689 positum
940 609 996 681 est,
1025 604 1157 668 alteram
1179 605 1235 668 sinc

188 713 398 795 conjunctione
415 712 569 795 adyungit:
592 713 629 789 X,
637 717 677 778 56
703 711 868 793 Quosdam
883 712 1080 792 praecipitat
1097 712 1236 793 subjecto

182 820 336 900 potentio
356 838 485 900 mayaco
506 818 656 895 Iaoc'da'oe,
689 820 806 900 acecpit
834 819 935 901 loayo
961 824 1063 900 atque
1095 820 1233 900 incipitis

188 926 349 990 honoram
374 924 519 1006 Papiae,
542 926 788 990 abinsolontiore
807 929 910 990 autem
929 927 1070 1008 asyndeti
1093 946 1167 1004 usu,
1189 926 1234 1008 qni

188 1035 268 1119 apud
292 1033 410 1118 priores
431 1032 593 1110 invenitur,
625 1033 688 1096 fere
711 1051 832 1117 semper
855 1033 1028 1116 abstinet.¹)
1079 1035 1122 1099 Ut
1145 1034 1236 1119 parti-

188 1140 257 1204 cula
280 1140 452 1225 copulativa
476 1140 520 1202 sic
544 1140 635 1203 etiam
659 1140 850 1204 adversativa
872 1143 903 1203 et·
926 1140 978 1204 ubi
1001 1140 1038 1204 do
1062 1141 1158 1205 variis
1175 1141 1237 1205 sub·

87 1322 90 1327 ¹
184 1247 276 1328 jectis
299 1250 331 1309 et
354 1246 406 1309 ubi
429 1246 466 1308 de
490 1247 597 1310 eodem
620 1247 755 1329 subjecto
778 1247 927 1311 contraria
955 1248 1109 1323 dicuntur,
1145 1247 1238 1311 multo

189 1353 322 1417 crebrius
344 1353 427 1437 apud
448 1342 630 1417 Juvenalcm
654 1372 746 1435 quarn
769 1356 850 1439 apud
878 1353 994 1438 priores
1017 1359 1128 1438 poetas
1153 1355 1239 1418 omit·

188 1461 273 1531 titur,
298 1462 329 1523 et
351 1460 473 1524 omnino
496 1461 528 1523 in
550 1461 684 1525 oratione
707 1461 880 1524 vehementi
909 1463 940 1524 et
969 1460 1143 1525 accelerata
1175 1481 1240 1525 sen·

188 1569 300 1644 tentia,
337 1585 403 1647 qua
437 1585 577 1630 caussam
607 1585 785 1652 praegressa
819 1568 957 1642 actionis,
994 1568 1153 1652 imprimis
1190 1569 1242 1632 ad-

188 1674 374 1748 monitionis,
411 1673 561 1749 continet,
598 1693 654 1758 per·
689 1674 856 1755 asyndeton
892 1675 1030 1759 ponitur:
1077 1676 1137 1755 Vl,
1168 1679 1243 1752 630,

76 1808 79 1813 ’
187 1784 259 1858 442,
282 1783 355 1847 546.

272 1889 315 1950 Ει
338 1887 444 1971 paucis
467 1886 529 1950 illis
552 1886 635 1958 locis,
655 1887 765 1969 quibus
787 1887 846 1950 dno
869 1887 1059 1952 substantiva
1083 1865 1149 1951 sine
1174 1908 1245 1953 con·

184 1996 343 2079 junctione
366 1994 466 2078 posita
490 1995 570 2069 sunt,
596 1993 633 2057 ob
655 1994 881 2058 insolentiorem
906 1994 970 2057 eius
993 1993 1125 2059 formam
1150 2015 1245 2061 unum

160 2132 166 2140 ·
187 2093 357 2188 excerpam,
381 2100 432 2181 qui
455 2102 741 2164 commemoratione
764 2101 873 2183 dignus
896 2101 1024 2165 videtur.
1081 2103 1118 2165 In
1151 2103 1246 2167 satira

186 2209 268 2283 XIV,
293 2209 346 2272 ubi
368 2211 460 2292 poeta
481 2207 635 2269 crudelem
658 2206 754 2269 Rutili
784 2209 919 2272 animum
947 2213 1180 2285 commemorat,
1216 2211 1247 2274 hi

186 2334 290 2380 uersus
314 2315 422 2398 scripti
445 2317 517 2378 sunt
540 2314 573 2397 (a
594 2334 621 2378 u.
645 2315 716 2393 23):

211 2621 230 2681 ¹)
256 2618 294 2671 Ut
313 2625 460 2684 appareat,
490 2624 621 2683 quantum
650 2619 679 2704 ip
706 2618 760 2670 hoc
784 2618 917 2683 loquendi
938 2635 1042 2686 genere
1062 2620 1139 2674 inter
1159 2621 1245 2674 Juve-

256 2703 348 2755 nalem
369 2710 398 2753 et
416 2700 561 2767 Virgilium
582 2702 694 2755 differat
712 2703 859 2766 (Horatius
880 2710 909 2755 et
927 2702 1043 2757 Ovidius
1063 2706 1099 2756 ad
1119 2705 1245 2758 Juvena-

256 2787 309 2838 lem
337 2786 456 2853 propius
485 2800 568 2851 qrram
595 2787 631 2839 ad
650 2786 797 2852 Virgilium
827 2789 986 2854 accedunt),
1014 2788 1099 2841 huius
1119 2789 1245 2842 insolen-

255 2871 356 2924 tiorem
385 2870 514 2937 asyndeti
543 2886 623 2923 usum
652 2871 835 2926 adumbrato.
874 2870 905 2923 V.
925 2888 980 2925 non
1008 2871 1100 2925 solum
1129 2873 1244 2927 duobus

253 2956 386 3010 membris
414 2955 557 3023 particula
585 2954 748 3021 copulativa
772 2956 879 3021 junctis
908 2957 1021 3010 tertium
1045 2956 1106 3008 sine
1136 2959 1245 3024 copula

254 3039 354 3098 crebro
375 3038 453 3093 addit
472 3038 614 3106 (Aenlll,
632 3041 691 3101 594,
712 3039 758 3104 IV,
776 3043 849 3106 614),
868 3042 917 3094 sed
937 3042 965 3093 in
982 3040 1105 3107 plurium
1126 3055 1244 3108 quoque

253 3125 441 3178 membrorum
470 3125 686 3177 coacervatione
714 3125 757 3176 vel
785 3125 912 3176 ultimum
939 3125 1022 3188 (Aen.
1044 3123 1075 3189 V,
1106 3126 1169 3190 tta)
1199 3128 1243 3179 vel

253 3211 353 3274 ultima
380 3223 432 3276 per
459 3207 614 3276 asyndeton
641 3208 722 3275 ponit
749 3211 826 3274 (Aen,
844 3208 891 3272 VI,
910 3211 988 3273 234l3
1016 3207 1127 3261 duobus
1154 3225 1243 3263 mem-

252 3279 311 3347 bris
331 3293 479 3346 dissolutis
503 3308 560 3345 non
579 3292 671 3345 solum
690 3294 803 3345 tertium
824 3308 875 3359 per
896 3303 925 3359 et,
951 3311 989 3360 ac,
1015 3302 1086 3357 atque
1108 3293 1244 3361 adjungit
1264 3296 1281 3311 ⁴

252 3380 334 3444 (Aen.
355 3376 480 3443 violo,
500 3376 549 3443 111,
572 3377 642 3443 206),
672 3375 722 3430 sed
749 3378 832 3430 tertio
861 3378 927 3429 huic
954 3376 1078 3429 membro
1108 3385 1242 3442 quartum

252 3462 311 3515 sine
341 3459 445 3527 copula
472 3461 574 3527 adjicit
601 3462 683 3528 (Aen.
708 3460 753 3528 VI,
782 3463 941 3526 tao—ran),
971 3467 1000 3513 et
1027 3461 1054 3512 in
1081 3461 1242 3515 multorum

251 3545 438 3598 membrorum
450 3545 659 3598 enumeratione
679 3546 753 3598 inter
772 3546 961 3612 copulativam
977 3545 1137 3610 juncturam
1157 3560 1242 3613 asyn-

253 3631 338 3682 deton
357 3630 398 3683 ita
416 3629 571 3696 interserit,
595 3636 635 3696 ut,
656 3645 823 3695 quamquam
842 3630 871 3682 id
890 3629 1052 3695 membrum,
1081 3630 1157 3694 quod
1178 3631 1241 3683 sine

252 3713 449 3780 conjunctione
478 3714 603 3781 ponitur,
630 3729 741 3768 versum
767 3702 933 3783 plerumque
961 3714 1061 3780 incipit
1080 3713 1163 3779 (Aen.
1186 3714 1239 3779 III,

251 3800 309 3865 lid,
328 3800 387 3864 467,
406 3797 564 3865 V,ano,v1,
576 3801 634 3860 689,
654 3802 724 3865 484),
743 3799 822 3851 nulla
841 3799 905 3852 talis
924 3798 1024 3865 regula
1042 3804 1137 3850 exstet
1155 3800 1241 3863 (Aen.

251 3883 298 3950 VI,
317 3885 376 3948 307,
396 3885 472 3949 854);
500 3883 549 3935 ubi
577 3884 697 3950 denique
725 3885 808 3951 plura
834 3883 959 3936 membra
985 3897 1037 3949 per
1061 3883 1240 3948 anaphoram

207 3997 210 4005 ·
245 3968 344 4036 juncta
371 3971 452 4032 sunt,
481 3982 565 4020 unum
591 3983 644 4035 per
674 3967 829 4034 asyndeton
849 3965 1133 4032 dormo-interponit
1151 3968 1237 4031 (Aen.

250 4052 301 4120 ΙΙΙ,
322 4053 391 4117 366).
427 4050 479 4103 His
498 4050 644 4104 Juvenalis
664 4051 775 4105 omnino
795 4050 927 4104 abstinet.
