2566 4404
105 195 166 259 170
439 191 482 243 De
501 190 693 256 interrogandi
712 191 812 244 forma.

103 398 172 458 tura
194 392 476 456 codicisPithoeaui
498 395 537 468 et,
560 412 652 474 quum
676 411 708 456 re
730 412 801 458 vara
823 394 885 458 duo
908 397 1028 459 tantum
1046 412 1123 458 mem·

104 501 157 563 bra
180 507 333 581 ponantur
354 503 480 580 (arator
501 518 539 562 an
563 499 687 576 tucca),
721 517 738 562 e
784 505 877 582 poeta
904 501 1024 566 nomina
1043 517 1127 583 perso

102 625 208 670 narum
234 606 325 670 ctiam
349 607 510 688 negatione
532 605 579 670 vel
602 605 752 687 particula
762 606 947 688 disjunctiva
963 608 1129 689 praecedente

101 713 272 795 copulative
290 713 418 795 jungere
441 713 547 784 soleat,
560 713 755 793 praeferenda
776 715 858 776 certe
882 719 944 791 est,
968 717 1000 778 et
1021 711 1133 778 conferri

100 821 230 903 possunt
252 818 318 892 loci,
342 819 501 900 quisunt:
525 819 577 892 VI,
601 817 783 898 araeque
805 819 1014 886 citharoedus
1023 820 1134 884 Euticu

101 926 171 990 Aut
198 924 390 1006 Glaphyrus
413 925 479 1009 fiat
505 929 605 1004 pater
628 925 885 1006 Ambrosiusque
906 927 1085 1004 choraules,
1102 927 1134 1003 X,

102 1032 461 1100 99-101Prmemuu
481 1051 607 1096 sumere
628 1033 748 1108 mavis,
769 1034 826 1097 Au
848 1033 1055 1100 Fidenarum
1079 1033 1136 1099 aa

57 1126 59 1130 ¹
103 1140 291 1220 biarumque
314 1158 382 1203 esse
397 1142 547 1219 potestas
557 1137 608 1200 Et
631 1139 669 1203 rte
689 1159 844 1204 mersura
859 1142 921 1223 jus
943 1142 1138 1219 dicerc‚vasa

101 1248 233 1310 miuara
255 1246 425 1326 Fraupere
437 1265 613 1326 pauuasus
634 1247 746 1310 vacuis
769 1246 875 1311 aedilis
910 1247 1064 1327 Ulubris,
1094 1247 1139 1311 nbi

102 1354 198 1418 oratio
214 1353 308 1416 simili
321 1353 410 1416 modo
423 1351 573 1434 bipertita,
586 1370 647 1415 non
658 1353 808 1434 tripertita
820 1360 876 1417 est.
900 1354 1038 1425 Priorem
1049 1355 1141 1419 locum

101 1460 232 1523 similem
262 1459 404 1538 loquendi
428 1459 555 1521 formam
581 1458 714 1540 prabere
736 1460 930 1535 crediderim
966 1479 1142 1543 quamquam

100 1563 181 1630 'enim
205 1568 302 1646 poeta
325 1583 378 1646 pro
400 1584 445 1645 au
467 1565 499 1627 in
520 1565 610 1628 tertio
634 1566 826 1630 membrave
848 1568 1005 1632 interdum
1026 1571 1141 1651 ponant,

100 1671 264 1736 Juvenalis
288 1672 332 1735 sic
355 1690 503 1752 nusquam
526 1671 609 1748 dixit,
632 1676 664 1735 et
684 1673 832 1753 particula
852 1693 890 1736 ve
905 1693 1029 1756 perraro
1043 1675 1140 1739 utitur.

100 1779 144 1842 Ea
177 1778 257 1841 enim
287 1778 436 1859 particula
468 1778 557 1840 modo
591 1777 623 1841 in
655 1779 892 1862 interrogatione
927 1782 1085 1864 bipertita,
1115 1783 1142 1844 ct

103 1885 156 1948 ubi
179 1884 316 1948 condicio
338 1884 492 1966 praecedit,
515 1884 586 1968 poni
610 1886 696 1948 solet.
741 1886 776 1949 In
801 1889 952 1969 exemplo,
988 1890 1067 1970 quod
1084 1889 1144 1970 jam

100 1991 403 2056 commemoravimus
426 1990 512 2066 (VII,
553 1991 640 2068 180):
683 1991 779 2056 Auue
806 2013 955 2058 ceramum
976 1995 1143 2076 Exspectat

99 2101 300 2179 sparpatque
312 2097 379 2162 tuta
391 2099 542 2178 jumeuta
554 2098 682 2174 receuti,
695 2117 798 2164 amnes
811 2103 929 2165 codices
946 2106 1142 2184 sparpatquc

99 2205 227 2284 habent,
266 2225 318 2286 pro
364 2224 421 2287 quo
463 2206 626 2285 Rupertius
669 2212 844 2288 sparpatve
882 2208 1048 2290 legendum
1082 2227 1142 2272 csse

100 2313 226 2389 ceuset‚'
248 2331 315 2393 quae
349 2312 517 2393 conjectura
550 2311 581 2373 iu
611 2312 759 2374 editiones
781 2313 942 2378 uonrurllas
966 2317 1142 2380 recentiores

100 2437 132 2482 se
178 2419 356 2495 insinuavit„
397 2419 449 2480 sect
487 2413 626 2486 dominus
659 2418 808 2498 porticum
841 2421 974 2501 amplam
1010 2423 1141 2495 aedificat,

99 2527 134 2588 ut
155 2525 214 2590 ibi,
250 2544 341 2606 quum
376 2525 475 2605 pluat,
508 2529 662 2606 gestetur,
693 2528 724 2587 ct
755 2528 845 2607 poeta
877 2528 1142 2612 interrogationem

97 2632 255 2712 adjungit,
289 2650 348 2694 non
373 2633 408 2693 ut
437 2634 566 2712 quaerat,
600 2636 703 2694 utrum
733 2651 872 2696 serenum
908 2637 1141 2716 exspectandum

38 2773 40 2777 ·
97 2737 152 2810 sit,
189 2755 241 2802 an.
274 2740 346 2801 dum
368 2738 467 2817 pluat,
492 2738 633 2820 jumenta
655 2738 769 2801 recenti
790 2739 856 2802 luto
879 2743 1054 2820 spargenda
1076 2743 1142 2818 siut,

97 2863 202 2908 verum
224 2846 281 2907 hoc
302 2845 430 2907 irridens
446 2845 563 2925 quaerit,
588 2847 689 2906 utrum
712 2844 822 2908 melius
845 2845 887 2908 sit
903 2850 1053 2927 porticum
1077 2867 1143 2930 prc-

96 2953 207 3016 ticcam
241 2951 388 3014 aedificare
423 2955 453 3012 et
474 2950 515 3013 ibi
546 2969 597 3030 per
624 2951 751 3014 imbrem
779 2952 893 3034 gestari
934 2973 974 3016 an
1003 2972 1144 3018 serenum

97 3061 253 3140 expectare
281 3061 313 3121 et
337 3059 479 3141 jumenta
506 3061 575 3138 post
601 3056 730 3120 imbrem
759 3059 824 3121 luto
852 3060 967 3122 recenti
990 3079 1143 3144 spargere.

96 3166 131 3228 Iu
161 3166 262 3230 satirae
291 3168 394 3228 autem
422 3165 534 3245 quintae
564 3184 590 3225 v.
617 3168 676 3228 1⁶28
703 3164 839 3244 Quaado
856 3167 1021 3245 propinat
1051 3166 1145 3231 Virro

98 3273 158 3335 titi
179 3273 341 3352 sumitque
364 3272 430 3334 tuis
452 3274 602 3334 cautacta
624 3269 752 3334 tabellis
763 3270 889 3336 Pocula
910 3276 1021 3354 praeter
1037 3293 1146 3355 paucos

98 3378 216 3442 codices
238 3379 329 3442 codex
356 3378 540 3441 Pithoeanus
561 3378 700 3442 sumitve
732 3379 833 3444 habet.
881 3379 939 3442 Hic
961 3379 1039 3442 nihil
1062 3380 1145 3444 affir-

97 3501 181 3547 mare
225 3485 332 3547 ausim.
402 3485 532 3548 Restant
576 3484 608 3546 hi
652 3484 726 3564 loci,
771 3484 881 3565 quibus
921 3486 1041 3549 codices
1080 3488 1144 3550 dis-

98 3591 251 3653 sentiunt:
285 3590 337 3665 VI,
370 3594 411 3655 12
438 3589 596 3654 Hamiues
623 3592 680 3671 qui
701 3594 798 3671 rupta
820 3591 934 3654 robore
955 3593 1030 3655 uati
1056 3591 1135 3656 Cam

89 3696 260 3777 positique
281 3697 350 3777 (ve)
379 3696 445 3760 tuta
468 3697 578 3761 multas
608 3697 747 3761 tabuere
769 3701 946 3777 pareutes;
968 3699 1060 3776 XIV,
1083 3701 1145 3766 293

97 3801 222 3869 Solvite
244 3800 375 3886 suuem,
410 3803 583 3867 Frumeuti
616 3803 765 3867 domiuus
798 3803 918 3868 clamat
951 3806 1145 3887 piperisque

95 3909 232 3989 coempti
263 3912 367 3985 (codex
389 3911 575 3974 Pithoeanuc
601 3910 768 3990 piperisve
795 3913 929 3993 coempti
950 3912 1058 3990 habet,
1092 3913 1144 3977 alii

81 3997 282 4101 p'mcr‘r'rmtr
303 4017 438 4099 coempti
459 4016 509 4082 vei
527 4016 719 4096 piperisque
735 4021 891 4094 coemptor
913 4020 964 4081 vet
982 4019 1143 4097 piperisve
