2566 4404
117 198 158 259 84
432 193 476 245 De
494 191 644 258 particulis
663 191 841 258 copulatirin.

115 398 172 459 sat
185 396 230 458 XI
251 415 277 458 r.
295 399 368 471 140)
393 394 506 458 auxilio
528 398 625 458 vocat.
671 395 706 456 ln
729 399 859 475 utroque
881 413 972 458 versu
993 395 1151 459 notissimus

118 502 172 566 ille
196 522 279 576 usus,
302 520 394 582 quem
415 502 476 580 jam
501 502 710 574 tractavimus,
735 501 895 582 reperitur,
917 502 1009 582 quod,
1039 499 1151 564 ubine

116 609 203 692 gatio
224 609 387 690 utriusque
409 609 539 672 membri
562 609 732 673 communis
754 609 908 691 praecedit,
931 609 1063 672 altemm
1076 626 1153 672 mem·

115 715 205 779 brum
227 716 397 797 copulative
419 717 603 779 annectitur.
648 716 723 780 Jam
746 714 945 778 Heinricbins
968 734 1003 779 er
1026 715 1075 778 bis
1094 714 1155 777 locis

116 823 161 886 sic
182 822 352 886 concludit:
386 841 482 903 qnum
515 822 668 903 particula
696 822 839 904 negativa
860 840 879 884 a
900 826 1001 902 poeta,
1023 820 1157 904 particula

118 929 291 1011 copulativa
323 928 455 992 alterum
488 929 662 992 membrum
694 931 892 1003 annectente‚
930 929 1033 992 omitti
1066 929 1158 1003 soleat,

116 1055 272 1117 quumque
295 1036 425 1099 eundem
447 1035 630 1100 luvenalem
654 1036 837 1117 particulam
858 1035 1063 1126 copulativam
1086 1035 1160 1098 omit

116 1146 181 1206 tera
204 1143 301 1205 solere
323 1143 485 1205 notissima
506 1161 556 1205 res
577 1142 628 1215 sit
652 1142 729 1205 nihil
750 1142 907 1224 impedire,
930 1143 1095 1224 quominus
1114 1143 1161 1205 boc

117 1249 192 1323 loco,
216 1268 275 1330 quo
301 1249 451 1330 particula
472 1249 645 1329 copulativa
666 1249 780 1313 omism
801 1251 852 1324 sit,
866 1249 1021 1330 particula
1030 1251 1162 1328 negativa

116 1355 230 1419 ommsa
239 1360 372 1436 putetur.
402 1356 608 1437 lbeoigitnn
631 1357 722 1437 quod,
743 1355 797 1418 nbi
818 1357 942 1437 negatio
953 1358 993 1419 ad
1009 1360 1163 1438 utrumque

118 1463 289 1526 membrum
313 1462 456 1543 pertinet,
479 1463 539 1525 dici
560 1465 679 1544 potest:
712 1464 771 1525 boc
791 1480 852 1525 non
874 1462 932 1526 tibi
954 1469 989 1528 et
1010 1464 1099 1527 fratri
1120 1468 1164 1526 tuo

116 1569 199 1644 dedi,
232 1569 388 1633 concludit
410 1569 518 1633 eadem
539 1569 763 1650 significatione
791 1587 879 1650 posse
912 1569 989 1633 dici:
1025 1571 1084 1634 boc
1114 1587 1167 1634 nou

116 1675 185 1751 tibi,
208 1675 296 1738 fratri
318 1677 373 1738 tuo
403 1675 481 1749 dedi,
504 1676 627 1739 eadem:
660 1675 719 1740 boc
740 1695 802 1739 non
827 1675 895 1751 tibi,
927 1677 988 1740 boc
1012 1678 1100 1740 tratri
1121 1680 1168 1740 tno

118 1782 197 1845 dedi.
232 1782 275 1844 Et
296 1782 480 1846 recentiores
501 1783 532 1845 iu
555 1783 615 1847 bac
634 1784 904 1865 grammaticarum
926 1784 1083 1848 rationum
1105 1802 1170 1847 con-

117 1876 237 1953 fusione
260 1907 331 1951 eum
353 1892 533 1970 sequuntur.
587 1888 647 1952 Sed
675 1909 860 1972 quamquam
882 1889 1029 1954 hocloco
1051 1908 1170 1953 enarra·

117 1996 194 2059 tioni
215 1996 281 2059 eius
303 1996 488 2077 repugnabo,
513 2015 559 2074 ea,
581 2016 650 2077 qnae
673 1998 853 2061 abeostare
875 1997 1073 2077 qniscredat,
1097 1997 1173 2061 etad

119 2121 188 2183 quae
220 2120 278 2166 non
312 2103 480 2166 attendisse
518 2103 649 2177 videtur„
683 2124 743 2167 non
775 2104 916 2168 reticebo.
985 2105 1055 2168 Duo
1097 2104 1174 2186 apud

107 2202 303 2273 'Juvenalem
314 2209 373 2273 loci
386 2212 516 2286 exstant,
523 2209 632 2291 quibus
637 2210 713 2277 locis
720 2210 868 2291 particula
879 2211 1024 2292 negativa
1034 2212 1068 2274 in
1080 2211 1173 2274 altero

119 2315 257 2379 membro
278 2316 377 2397 posita
398 2317 430 2379 in
451 2315 549 2380 altero
571 2317 684 2380 omissa
704 2317 764 2380 dici
786 2319 891 2398 possit
914 2336 985 2380 nam
1008 2319 1101 2399 quod,
1124 2317 1174 2382 ubi

120 2423 243 2504 negatio
257 2424 480 2504 praecedensad
501 2426 665 2505 utrumque
687 2424 860 2488 membrum
875 2425 1017 2506 pertinet,
1041 2425 1173 2488 alterum

120 2528 291 2608 copulative
314 2529 444 2604 additur,
477 2550 536 2595 non
570 2532 607 2594 ad
640 2531 834 2595 omissionem
867 2531 1025 2612 particulae
1060 2532 1116 2595 sed
1139 2532 1174 2594 ad

120 2633 346 2697 insolentiorum
370 2638 552 2700 annectendi
580 2640 674 2717 atque
691 2637 842 2719 jungendi
864 2639 1015 2702 rationem
1038 2639 1174 2702 referen-

121 2741 193 2803 dum
217 2745 273 2803 est
305 2742 340 2804 ln
363 2743 457 2806 satira
478 2745 598 2807 decima
621 2745 721 2821 tertia,
744 2763 835 2824 quem
856 2745 957 2808 locum
975 2746 1043 2826 jam
1066 2747 1174 2828 attigi·

123 2866 201 2927 mna,
224 2847 270 2911 sic
291 2848 439 2929 scriptum
462 2854 510 2912 est
525 2852 609 2928 (56):
633 2850 672 2914 Si
687 2852 822 2932 jacente
844 2851 949 2913 velrrlo
971 2870 1040 2914 non
1062 2871 1174 2915 accar-

120 2958 259 3032 rexerat,
293 2958 324 3018 ct
344 2955 376 3017 ci
398 2955 532 3019 barbato
555 2959 735 3038 cuicumque
749 2979 837 3038 puer
859 2958 1037 3040 (credebant
1058 2960 1174 3040 grande

122 3061 231 3145 netas),
264 3062 315 3126 nbi
345 3063 383 3125 ad
413 3063 547 3126 altemm
569 3065 740 3128 membrum
764 3084 823 3129 non
847 3066 947 3130 solnm
970 3065 1097 3128 verbnm
1121 3065 1174 3128 sed

119 3169 241 3250 negatio
264 3188 382 3252 quinque
404 3172 567 3252 repetenda
589 3176 645 3244 est,
678 3190 784 3235 verum
816 3171 884 3234 haec
912 3173 1008 3236 forma
1031 3191 1067 3235 er
1090 3191 1173 3236 com·

119 3275 264 3341 mixtione
296 3277 407 3360 aliqua
439 3295 530 3358 quam
563 3278 643 3357 apud
664 3278 845 3343 Juvenalem
878 3298 979 3342 raram
1010 3295 1073 3341 non
1108 3296 1173 3343 esse

119 3381 259 3462 vidimua
288 3385 442 3465 juncturae
464 3384 643 3465 copulativae
673 3389 704 3448 et
725 3386 887 3467 anaphora
909 3389 976 3449 orta
997 3388 1056 3464 est
1092 3388 1125 3448 et
1147 3385 1172 3448 si

119 3488 300 3570 particulam
322 3491 559 3555 condicionalem
581 3492 614 3554 in
635 3492 732 3554 altero
749 3492 888 3556 membro
910 3492 1078 3573 repetitam
1093 3493 1172 3555 omi·

120 3594 259 3670 serimm,
281 3596 336 3659 illa
356 3596 463 3674 forma,
486 3617 555 3678 qnae
571 3599 651 3680 apud
668 3601 774 3680 poetas
786 3600 900 3679 passim
913 3599 1055 3679 occurrit,
1079 3599 1172 3661 relin-

121 3704 245 3782 quetur:
284 3702 323 3766 Sa·
350 3703 485 3783 juvenis
506 3704 612 3768 vetulo
635 3725 702 3768 non
729 3711 961 3769 ncsrnrcrcrat
983 3711 1013 3770 ct
1036 3701 1170 3769 barbato

121 3807 300 3889 cuicunque
325 3830 421 3891 puer,
455 3812 507 3875 sed
536 3815 668 3894 poetam,
701 3813 728 3876 si
760 3812 942 3894 particulam
967 3813 1171 3894 copulativam

123 3915 309 3993 omisissent,
351 3920 442 3999 atque
479 3919 633 4001 anaphora
672 3920 828 4000 particula
858 3919 1075 3983 condicionalis
1110 3917 1170 3983 sola

107 4023 284 4090 membrum
296 4024 433 4092 alterurn
449 4026 658 4110 adjunxisset
667 4025 773 4091 verbm
788 4025 1180 4100 eauxdemn‘rgdmcatmnem
