2566 4404
124 188 166 254 38
403 186 445 238 De
464 183 597 239 liberiore
616 184 762 238 verborum
779 185 884 251 positu.

123 389 200 454 ratio
221 389 258 454 de
281 395 352 454 nota
373 388 429 453 illa
441 388 586 471 Agrippae
608 388 730 453 maioris
752 388 816 453 filia
837 373 1005 455 libidinosa
1026 393 1058 455 et
1078 391 1150 470 frate

123 495 261 581 Agrippa
283 498 409 572 minore,
431 497 550 561 Ituraeae
572 515 653 579 rege,
675 496 863 578 praeferenda
885 495 936 561 sit.

205 606 233 669 A
256 605 395 669 liberiore
417 604 633 687 adjectivorum
661 608 691 668 et
720 602 982 668 substantivorum
1012 605 1043 668 in
1066 605 1153 668 eaden

121 713 272 778 sententia
286 712 497 777 distributione
509 714 546 778 ad
559 712 740 778 substantivi
753 711 812 786 (vel
823 711 1010 777 substantivi
1028 717 1060 777 et
1072 712 1154 796 adjee

122 820 198 898 tivi),
222 821 299 903 quod
323 822 452 885 duamm
474 820 691 886 sententiamm
714 837 874 884 eommnne
900 822 959 891 est
982 821 1021 884 ed
1044 821 1154 885 duran

120 928 383 1010 transpositionem
399 929 586 993 tractandam
601 930 800 992 transeamus.
828 927 911 990 Ante
934 927 1155 993 omniaadeun

119 1036 281 1101 Juvenalis
304 1055 393 1100 usum
412 1037 613 1115 attendamus,
635 1036 712 1116 quod
734 1035 904 1117 subjeetum
926 1034 967 1099 ab
989 1035 1079 1100 initio
1099 1055 1154 1100 sen·

118 1143 223 1207 tentiae
234 1143 278 1207 ita
288 1142 401 1206 retrahi
417 1143 502 1224 solet,
529 1147 564 1208 ut
586 1148 639 1207 aut
660 1142 774 1207 nudum
797 1145 851 1206 aut
872 1160 943 1206 oum
961 1143 1155 1207 additamento

123 1251 285 1333 (adjectivo
309 1251 355 1314 vel
378 1251 548 1333 participio)
557 1251 697 1334 junctum
713 1249 861 1313 ultimum
884 1250 1049 1314 sententiae
1070 1251 1155 1316 boun

117 1360 237 1431 leneat;
260 1357 341 1422 huno
363 1357 443 1422 enirn
467 1359 606 1441 loquendi
629 1377 729 1435 usum,
759 1358 807 1420 eui
830 1360 920 1438 poeta
943 1358 1056 1422 eximie
1079 1360 1154 1431 lavet

117 1463 155 1527 ad
169 1483 211 1541 ea,
235 1485 302 1548 quae
318 1465 478 1530 tractaturi
490 1485 604 1543 sumus,
627 1463 808 1531 illustranda
829 1480 888 1527 non
911 1465 998 1545 parvi
1022 1463 1155 1531 momenti
1198 1448 1200 1535 Ῑ

19 1606 23 1613 1
118 1577 283 1655 esseputo:
308 1573 357 1650 Li
369 1572 508 1654 Impune
530 1570 620 1637 dieui
628 1571 863 1653 consumpserit
877 1573 996 1653 inpens
1010 1572 1155 1654 Telephus
1195 1648 1198 1653 ¹

118 1684 178 1743 uui
198 1683 317 1745 suenni
332 1680 436 1762 plenu
452 1683 527 1763 juin
548 1682 697 1764 uorpiue
719 1679 797 1744 iibri
814 1679 967 1761 Scriptus
984 1684 1015 1745 ei
1029 1683 1068 1744 in
1079 1685 1154 1762 ierpo

118 1783 252 1852 necdum
265 1790 386 1874 finitus
401 1789 546 1870 Orestes,·
573 1787 973 1857 Vl.b391lliusluerimae
988 1790 1154 1869 prestant,

123 1893 165 1961 Ut
185 1898 315 1961 nenium
338 1897 440 1980 subice
461 1919 527 1962 nou
549 1897 674 1961 abnuat
701 1917 816 1962 ansere
838 1916 957 1978 niupno
982 1895 1156 1961 Soiiieeiei

115 2006 205 2068 tenui
221 2024 355 2085 popano
378 2009 551 2087 corruptus
575 2004 682 2069 Osiris
703 2005 757 2069 cfr.
781 2004 864 2081 XIV,
877 2010 928 2080 34,
953 2003 1025 2080 VH,
1038 2008 1089 2078 35,
1110 2003 1155 2078 Vl,

115 2113 166 2177 81.
226 2110 403 2196 Subjeetum
442 2114 568 2178 duamm
609 2112 826 2178 sententiarum
866 2111 1038 2193 eopulative
1076 2112 1157 2196 juno·

113 2222 214 2282 tarum
236 2238 396 2285 eommune
418 2221 449 2285 in
471 2222 567 2285 altera
589 2239 668 2303 saepe
691 2221 813 2302 ponitur
841 2223 872 2283 ei
900 2220 943 2282 ita
972 2219 1155 2302 plerumque,

113 2329 184 2390 uta
207 2327 297 2392 verbo
320 2346 378 2392 oon
401 2328 575 2393 divellatur:
599 2328 669 2407 Vll,
677 2331 717 2395 63
733 2328 797 2408 Qui
819 2326 907 2391 loeus
928 2327 1073 2408 inponis,
1095 2326 1158 2391 nisi

115 2450 212 2515 puunn
239 2453 274 2500 se
304 2437 448 2500 carmine
479 2435 548 2500 solo
577 2433 703 2499 Vesuui
725 2439 755 2500 et
777 2434 917 2498 dominis
943 2433 1073 2498 Oirrbce
1093 2435 1157 2516 Np-

116 2558 221 2622 saepue
242 2541 403 2624 feruntur
424 2543 564 2608 Peeioru
586 2547 720 2621 nostem
754 2543 881 2617 vuum
907 2543 1007 2623 Quem
1028 2543 1157 2627 (palum)

113 2650 209 2711 euvei
232 2649 377 2728 assiduis
398 2649 535 2715 sudibus
556 2650 662 2735 Aipue
685 2670 794 2715 onnes
815 2648 926 2732 implet
947 2670 1102 2715 numeros

112 2758 291 2832 matrones
325 2757 378 2822 cfr.
401 2759 471 2840 VIl,
483 2763 534 2834 20,
557 2760 593 2833 X,
608 2761 679 2835 287,
701 2758 783 2835 XIV,
800 2761 866 2835 194,
901 2758 979 2839 quod
1011 2757 1094 2822 idem
1127 2757 1159 2821 in

112 2863 272 2928 sententiis
301 2864 366 2929 sine
388 2866 497 2948 eopula
514 2866 630 2949 junctis
651 2866 749 2930 rarius
770 2865 935 2930 invenitur:
968 2865 1010 2939 Π,
1023 2869 1067 2930 63
1089 2851 1159 2930 nu

110 2971 239 3035 venian
261 2973 374 3056 comis,
390 2977 486 3038 omui
501 2973 988 3050 eensunueoluenbus,XIll,187
1002 2972 1159 3038 Plurima

103 3076 193 3161 felin
215 3079 397 3145 Pouliutin
418 3082 501 3145 uitio
523 3086 620 3166 utque
641 3101 767 3147 errores
788 3082 877 3147 enuit
899 3099 1016 3157 onnes,
1039 3081 1159 3146 Primo

108 3184 200 3251 donet
221 3192 344 3253 nestun
364 3190 540 3271 supientia,
563 3194 594 3254 et
616 3209 717 3254 rarum
740 3189 868 3273 subjecti
890 3189 920 3254 in
944 3187 1039 3252 altero
1062 3190 1157 3254 inter·

110 3295 275 3377 rogationis
294 3297 485 3379 disjunctivae
502 3297 638 3362 membro
652 3298 744 3380 positi
755 3299 924 3380 exemplum
937 3299 1021 3362 loeus
1032 3299 1158 3380 praebet,

110 3402 162 3483 qui
184 3402 215 3467 in
238 3404 331 3468 satira
351 3404 426 3468 XIV
446 3424 463 3469 a
487 3425 514 3468 v.
541 3410 579 3471 15
601 3404 649 3470 bis
671 3405 770 3470 verbis
793 3405 923 3488 scriptus
945 3408 1006 3470 est:

114 3561 240 3568 ———---
688 3565 765 3571 ..-.--
926 3564 1130 3572 --—.—-—...
1133 3566 1157 3572 .-

127 3643 147 3706 ¹)
170 3641 255 3696 Modo
275 3642 411 3697 hocloco
431 3651 460 3698 et
477 3645 505 3698 in
526 3649 578 3698 sat.
594 3638 637 3697 vllI
657 3661 680 3698 v.
695 3648 760 3701 252:
793 3645 861 3704 uras
884 3655 947 3696 recto
968 3647 1057 3696 vertice
1074 3657 1159 3712 porus

179 3726 293 3779 servulus
311 3728 397 3793 inseiis
415 3739 436 3779 el
453 3748 524 3780 cursu
545 3731 645 3781 uentilat
671 3731 745 3796 ipnem
772 3730 918 3784 sententiae
937 3730 1073 3791 relativae,
1093 3731 1154 3786 sub.

172 3811 252 3879 jecto
271 3828 327 3865 non
346 3817 460 3875 mutato,
478 3829 550 3868 nova
568 3815 710 3870 sententia
727 3815 868 3883 particula
887 3815 1156 3883 copulativaitaad-

174 3896 310 3964 jungitur,
329 3903 361 3950 ut
377 3913 531 3966 pronomen
550 3899 698 3953 relativum
716 3899 744 3952 in
764 3915 799 3953 ea
816 3915 871 3952 non
890 3900 1030 3954 audiatur.
1071 3901 1156 3971 Apud

178 3981 323 4050 Virgilium
343 3988 373 4035 et
389 3982 516 4036 Ovidium
542 3984 588 4038 hie
616 3984 749 4050 loquendi
768 4001 835 4039 usus
860 3986 993 4052 frequens
1012 3991 1070 4051 est3
1099 4001 1156 4040 non

176 4064 251 4136 apud
270 4067 426 4122 Horatium.
