<?xml version="1.0" encoding="UTF-8"?>
<!DOCTYPE html PUBLIC "-//W3C//DTD XHTML 1.0 Transitional//EN"
    "http://www.w3.org/TR/xhtml1/DTD/xhtml1-transitional.dtd">
<html xmlns="http://www.w3.org/1999/xhtml" xml:lang="en" lang="en">
 <head>
  <title>
</title>
<meta http-equiv="Content-Type" content="text/html;charset=utf-8" />
  <meta name='ocr-system' content='tesseract 3.04.00' />
  <meta name='ocr-capabilities' content='ocr_page ocr_carea ocr_par ocr_line ocrx_word'/>
</head>
<body>
  <div class='ocr_page' id='page_1' title='image "./sermonemdjuniij00kiaegoog_0222.png"; bbox 0 0 2566 4404; ppageno 0'>
   <div class='ocr_carea' id='block_1_1' title="bbox 482 223 1173 293">
    <p class='ocr_par' dir='ltr' id='par_1_1' title="bbox 482 223 1173 293">
     <span class='ocr_line' id='line_1_1' title="bbox 482 223 1173 293; baseline 0.001 -17"><span class='ocrx_word' id='word_1_1' title='bbox 482 225 525 276; x_wconf 87' lang='lat' dir='ltr'><strong>De</strong></span> <span class='ocrx_word' id='word_1_2' title='bbox 544 225 700 277; x_wconf 76' lang='lat' dir='ltr'><strong>mutatione</strong></span> <span class='ocrx_word' id='word_1_3' title='bbox 720 223 811 278; x_wconf 89' lang='lat' dir='ltr'><strong>modi.</strong></span> <span class='ocrx_word' id='word_1_4' title='bbox 1110 227 1173 293; x_wconf 76' lang='lat'><strong>209</strong></span> 
     </span>
    </p>
   </div>
   <div class='ocr_carea' id='block_1_2' title="bbox 80 427 1221 2649">
    <p class='ocr_par' dir='ltr' id='par_1_2' title="bbox 80 427 1221 1688">
     <span class='ocr_line' id='line_1_2' title="bbox 118 427 1173 508; baseline 0.002 -17"><span class='ocrx_word' id='word_1_5' title='bbox 118 431 157 492; x_wconf 91' lang='lat' dir='ltr'><strong>ut</strong></span> <span class='ocrx_word' id='word_1_6' title='bbox 178 427 363 492; x_wconf 82' lang='lat' dir='ltr'><strong>circensibus</strong></span> <span class='ocrx_word' id='word_1_7' title='bbox 385 428 574 508; x_wconf 77' lang='lat' dir='ltr'>aliquamdiu</span> <span class='ocrx_word' id='word_1_8' title='bbox 596 432 705 500; x_wconf 84' lang='lat' dir='ltr'><strong>careat,</strong></span> <span class='ocrx_word' id='word_1_9' title='bbox 728 446 799 491; x_wconf 91' lang='lat' dir='ltr'><strong>nam</strong></span> <span class='ocrx_word' id='word_1_10' title='bbox 822 428 971 493; x_wconf 79' lang='lat' dir='ltr'><strong>circenses</strong></span> <span class='ocrx_word' id='word_1_11' title='bbox 993 429 1075 493; x_wconf 89' lang='lat' dir='ltr'><strong>inter</strong></span> <span class='ocrx_word' id='word_1_12' title='bbox 1095 430 1173 493; x_wconf 90' lang='lat' dir='ltr'><strong>bona</strong></span> 
     </span>
     <span class='ocr_line' id='line_1_3' title="bbox 119 534 1169 617; baseline 0.002 -19"><span class='ocrx_word' id='word_1_13' title='bbox 119 534 191 599; x_wconf 86' lang='lat' dir='ltr'><strong>vitae</strong></span> <span class='ocrx_word' id='word_1_14' title='bbox 214 537 363 615; x_wconf 88' lang='lat' dir='ltr'><strong>numerat,</strong></span> <span class='ocrx_word' id='word_1_15' title='bbox 387 536 441 599; x_wconf 89' lang='lat' dir='ltr'><strong>sed</strong></span> <span class='ocrx_word' id='word_1_16' title='bbox 463 553 556 616; x_wconf 93' lang='lat' dir='ltr'><strong>quum</strong></span> <span class='ocrx_word' id='word_1_17' title='bbox 578 535 645 599; x_wconf 87' lang='lat' dir='ltr'><strong>haec</strong></span> <span class='ocrx_word' id='word_1_18' title='bbox 667 535 764 598; x_wconf 80' lang='lat' dir='ltr'><strong>futuri</strong></span> <span class='ocrx_word' id='word_1_19' title='bbox 786 535 885 617; x_wconf 83' lang='lat' dir='ltr'><strong>magis</strong></span> <span class='ocrx_word' id='word_1_20' title='bbox 908 554 999 616; x_wconf 91' lang='lat' dir='ltr'><strong>quam</strong></span> <span class='ocrx_word' id='word_1_21' title='bbox 1010 536 1169 617; x_wconf 72' lang='lat' dir='ltr'><strong>presentis</strong></span> 
     </span>
     <span class='ocr_line' id='line_1_4' title="bbox 117 641 1172 724; baseline 0.001 -18"><span class='ocrx_word' id='word_1_22' title='bbox 117 644 221 706; x_wconf 89' lang='lat' dir='ltr'><strong>status</strong></span> <span class='ocrx_word' id='word_1_23' title='bbox 243 642 426 724; x_wconf 85' lang='lat' dir='ltr'><strong>significatio</strong></span> <span class='ocrx_word' id='word_1_24' title='bbox 447 641 614 717; x_wconf 89' lang='lat' dir='ltr'><strong>infinitivo,</strong></span> <span class='ocrx_word' id='word_1_25' title='bbox 649 643 700 723; x_wconf 90' lang='lat' dir='ltr'><strong>qui</strong></span> <span class='ocrx_word' id='word_1_26' title='bbox 730 645 778 705; x_wconf 90' lang='lat' dir='ltr'><strong>est</strong></span> <span class='ocrx_word' id='word_1_27' title='bbox 811 643 973 719; x_wconf 74' lang='lat' dir='ltr'><strong>caruisse,</strong></span> <span class='ocrx_word' id='word_1_28' title='bbox 1006 642 1080 706; x_wconf 88' lang='lat' dir='ltr'><strong>licet</strong></span> <span class='ocrx_word' id='word_1_29' title='bbox 1102 645 1172 724; x_wconf 92' lang='lat' dir='ltr'><strong>post</strong></span> 
     </span>
     <span class='ocr_line' id='line_1_5' title="bbox 118 747 1171 832; baseline 0.002 -21"><span class='ocrx_word' id='word_1_30' title='bbox 118 749 284 812; x_wconf 85' lang='lat' dir='ltr'><strong>moestitia</strong></span> <span class='ocrx_word' id='word_1_31' title='bbox 317 752 365 812; x_wconf 88' lang='lat' dir='ltr'><strong>est</strong></span> <span class='ocrx_word' id='word_1_32' title='bbox 397 749 429 813; x_wconf 90' lang='lat' dir='ltr'><strong>in</strong></span> <span class='ocrx_word' id='word_1_33' title='bbox 461 749 620 830; x_wconf 74' lang='lat' dir='ltr'><strong>praesentis</strong></span> <span class='ocrx_word' id='word_1_34' title='bbox 654 747 717 812; x_wconf 85' lang='lat' dir='ltr'><strong>fere</strong></span> <span class='ocrx_word' id='word_1_35' title='bbox 740 749 887 831; x_wconf 88' lang='lat' dir='ltr'><strong>temporis</strong></span> <span class='ocrx_word' id='word_1_36' title='bbox 915 749 1171 832; x_wconf 83' lang='lat' dir='ltr'><strong>significationem</strong></span> 
     </span>
     <span class='ocr_line' id='line_1_6' title="bbox 119 855 1170 939; baseline 0.002 -21"><span class='ocrx_word' id='word_1_37' title='bbox 119 855 290 933; x_wconf 86' lang='lat' dir='ltr'><strong>transierit,</strong></span> <span class='ocrx_word' id='word_1_38' title='bbox 326 856 434 939; x_wconf 89' lang='lat' dir='ltr'><strong>subjici</strong></span> <span class='ocrx_word' id='word_1_39' title='bbox 465 856 513 920; x_wconf 84' lang='lat' dir='ltr'><strong>vix</strong></span> <span class='ocrx_word' id='word_1_40' title='bbox 534 856 640 938; x_wconf 89' lang='lat' dir='ltr'><strong>possit,</strong></span> <span class='ocrx_word' id='word_1_41' title='bbox 663 859 784 936; x_wconf 90' lang='lat' dir='ltr'><strong>poetam</strong></span> <span class='ocrx_word' id='word_1_42' title='bbox 812 876 902 920; x_wconf 87' lang='lat' dir='ltr'><strong>suum</strong></span> <span class='ocrx_word' id='word_1_43' title='bbox 924 857 962 920; x_wconf 91' lang='lat' dir='ltr'><strong>de</strong></span> <span class='ocrx_word' id='word_1_44' title='bbox 984 856 1170 920; x_wconf 87' lang='lat' dir='ltr'><strong>circensibus</strong></span> 
     </span>
     <span class='ocr_line' id='line_1_7' title="bbox 114 963 1171 1046; baseline 0.002 -21"><span class='ocrx_word' id='word_1_45' title='bbox 114 963 270 1044; x_wconf 81' lang='lat' dir='ltr'><strong>judicium</strong></span> <span class='ocrx_word' id='word_1_46' title='bbox 292 963 455 1046; x_wconf 64' lang='lat' dir='ltr'><strong>(oscenses</strong></span> <span class='ocrx_word' id='word_1_47' title='bbox 477 982 538 1026; x_wconf 89' lang='lat' dir='ltr'><strong>uon</strong></span> <span class='ocrx_word' id='word_1_48' title='bbox 559 964 673 1026; x_wconf 92' lang='lat' dir='ltr'><strong>bonum</strong></span> <span class='ocrx_word' id='word_1_49' title='bbox 695 963 749 1027; x_wconf 86' lang='lat' dir='ltr'><strong>sed</strong></span> <span class='ocrx_word' id='word_1_50' title='bbox 771 963 888 1027; x_wconf 89' lang='lat' dir='ltr'><strong>malum</strong></span> <span class='ocrx_word' id='word_1_51' title='bbox 910 982 992 1038; x_wconf 85' lang='lat' dir='ltr'><strong>esse;</strong></span> <span class='ocrx_word' id='word_1_52' title='bbox 1015 982 1066 1027; x_wconf 89' lang='lat' dir='ltr'><strong>eos</strong></span> <span class='ocrx_word' id='word_1_53' title='bbox 1089 964 1171 1027; x_wconf 88' lang='lat' dir='ltr'><strong>onim</strong></span> 
     </span>
     <span class='ocr_line' id='line_1_8' title="bbox 119 1069 1221 1152; baseline 0.003 -20"><span class='ocrx_word' id='word_1_54' title='bbox 119 1069 392 1152; x_wconf 83' lang='lat' dir='ltr'><strong>ubiqueexagitat)</strong></span> <span class='ocrx_word' id='word_1_55' title='bbox 415 1089 486 1134; x_wconf 92' lang='lat' dir='ltr'><strong>cum</strong></span> <span class='ocrx_word' id='word_1_56' title='bbox 506 1070 590 1135; x_wconf 90' lang='lat' dir='ltr'><strong>illius</strong></span> <span class='ocrx_word' id='word_1_57' title='bbox 613 1069 761 1152; x_wconf 86' lang='lat' dir='ltr'><strong>fugientis</strong></span> <span class='ocrx_word' id='word_1_58' title='bbox 784 1070 840 1133; x_wconf 89' lang='lat' dir='ltr'><strong>viri</strong></span> <span class='ocrx_word' id='word_1_59' title='bbox 864 1072 901 1133; x_wconf 90' lang='lat' dir='ltr'><strong>de</strong></span> <span class='ocrx_word' id='word_1_60' title='bbox 923 1071 1034 1134; x_wconf 88' lang='lat' dir='ltr'><strong>iisdem</strong></span> <span class='ocrx_word' id='word_1_61' title='bbox 1056 1071 1170 1136; x_wconf 83' lang='grc'><strong>111111-</strong></span> <span class='ocrx_word' id='word_1_62' title='bbox 1217 1072 1221 1081; x_wconf 88' lang='grc'><em>“</em></span> 
     </span>
     <span class='ocr_line' id='line_1_9' title="bbox 123 1176 1168 1259; baseline 0.002 -19"><span class='ocrx_word' id='word_1_63' title='bbox 123 1176 208 1240; x_wconf 91' lang='lat' dir='ltr'><strong>sibus</strong></span> <span class='ocrx_word' id='word_1_64' title='bbox 226 1177 342 1259; x_wconf 88' lang='lat' dir='ltr'><strong>judicio</strong></span> <span class='ocrx_word' id='word_1_65' title='bbox 363 1197 448 1242; x_wconf 88' lang='lat' dir='ltr'><strong>more</strong></span> <span class='ocrx_word' id='word_1_66' title='bbox 471 1196 526 1243; x_wconf 91' lang='lat' dir='ltr'><strong>suo</strong></span> <span class='ocrx_word' id='word_1_67' title='bbox 548 1177 726 1241; x_wconf 80' lang='lat' dir='ltr'><strong>miscentem</strong></span> <span class='ocrx_word' id='word_1_68' title='bbox 743 1181 774 1240; x_wconf 92' lang='grc'><strong>11</strong></span> <span class='ocrx_word' id='word_1_69' title='bbox 796 1177 946 1241; x_wconf 84' lang='lat' dir='ltr'><strong>circenses</strong></span> <span class='ocrx_word' id='word_1_70' title='bbox 968 1179 1082 1241; x_wconf 88' lang='lat' dir='ltr'><strong>malam</strong></span> <span class='ocrx_word' id='word_1_71' title='bbox 1104 1195 1168 1242; x_wconf 86' lang='lat' dir='ltr'><strong>ram</strong></span> 
     </span>
     <span class='ocr_line' id='line_1_10' title="bbox 80 1277 1169 1364; baseline 0.004 -19"><span class='ocrx_word' id='word_1_72' title='bbox 80 1277 82 1280; x_wconf 67' lang='grc'>’</span> <span class='ocrx_word' id='word_1_73' title='bbox 114 1282 302 1358; x_wconf 86' lang='lat' dir='ltr'><strong>judicantem</strong></span> <span class='ocrx_word' id='word_1_74' title='bbox 338 1285 405 1348; x_wconf 85' lang='lat' dir='ltr'><strong>haec</strong></span> <span class='ocrx_word' id='word_1_75' title='bbox 437 1285 529 1349; x_wconf 89' lang='lat' dir='ltr'><strong>verba</strong></span> <span class='ocrx_word' id='word_1_76' title='bbox 561 1285 606 1349; x_wconf 89' lang='lat' dir='ltr'><strong>ita</strong></span> <span class='ocrx_word' id='word_1_77' title='bbox 638 1285 738 1348; x_wconf 89' lang='lat' dir='ltr'><strong>dicere</strong></span> <span class='ocrx_word' id='word_1_78' title='bbox 773 1284 968 1364; x_wconf 85' lang='lat' dir='ltr'><strong>crediderim,</strong></span> <span class='ocrx_word' id='word_1_79' title='bbox 998 1289 1033 1348; x_wconf 91' lang='lat' dir='ltr'><strong>ut</strong></span> <span class='ocrx_word' id='word_1_80' title='bbox 1064 1285 1169 1349; x_wconf 86' lang='lat' dir='ltr'><strong>infini-</strong></span> 
     </span>
     <span class='ocr_line' id='line_1_11' title="bbox 117 1389 1170 1475; baseline 0.004 -22"><span class='ocrx_word' id='word_1_81' title='bbox 117 1389 201 1454; x_wconf 91' lang='lat' dir='ltr'><strong>tivus</strong></span> <span class='ocrx_word' id='word_1_82' title='bbox 222 1392 371 1456; x_wconf 88' lang='lat' dir='ltr'><strong>caruisse</strong></span> <span class='ocrx_word' id='word_1_83' title='bbox 393 1394 497 1457; x_wconf 89' lang='lat' dir='ltr'><strong>eadem</strong></span> <span class='ocrx_word' id='word_1_84' title='bbox 522 1391 743 1475; x_wconf 86' lang='lat' dir='ltr'><strong>significatione</strong></span> <span class='ocrx_word' id='word_1_85' title='bbox 766 1395 858 1472; x_wconf 88' lang='lat' dir='ltr'><strong>atque</strong></span> <span class='ocrx_word' id='word_1_86' title='bbox 880 1392 978 1473; x_wconf 87' lang='lat' dir='ltr'><strong>priore</strong></span> <span class='ocrx_word' id='word_1_87' title='bbox 999 1393 1065 1457; x_wconf 88' lang='lat' dir='ltr'><strong>loco</strong></span> <span class='ocrx_word' id='word_1_88' title='bbox 1087 1393 1170 1475; x_wconf 91' lang='lat' dir='ltr'><strong>posi-</strong></span> 
     </span>
     <span class='ocr_line' id='line_1_12' title="bbox 116 1485 1168 1582; baseline 0.006 -22"><span class='ocrx_word' id='word_1_89' title='bbox 116 1485 169 1560; x_wconf 88' lang='lat' dir='ltr'><strong>tus</strong></span> <span class='ocrx_word' id='word_1_90' title='bbox 191 1498 233 1562; x_wconf 90' lang='lat' dir='ltr'><strong>sit</strong></span> <span class='ocrx_word' id='word_1_91' title='bbox 257 1488 325 1580; x_wconf 79' lang='lat' dir='ltr'><strong>(cir.</strong></span> <span class='ocrx_word' id='word_1_92' title='bbox 338 1499 413 1564; x_wconf 87' lang='lat' dir='ltr'><strong>Hor.</strong></span> <span class='ocrx_word' id='word_1_93' title='bbox 426 1500 524 1581; x_wconf 83' lang='lat' dir='ltr'><strong>Epist.</strong></span> <span class='ocrx_word' id='word_1_94' title='bbox 548 1500 572 1573; x_wconf 86' lang='lat' dir='ltr'><strong>I,</strong></span> <span class='ocrx_word' id='word_1_95' title='bbox 599 1505 626 1580; x_wconf 91' lang='lat' dir='ltr'><strong>l,</strong></span> <span class='ocrx_word' id='word_1_96' title='bbox 648 1501 688 1564; x_wconf 82' lang='lat'><strong>41</strong></span> <span class='ocrx_word' id='word_1_97' title='bbox 713 1497 826 1562; x_wconf 79' lang='lat' dir='ltr'><strong>Virtus</strong></span> <span class='ocrx_word' id='word_1_98' title='bbox 848 1502 897 1562; x_wconf 86' lang='lat' dir='ltr'><strong>cst</strong></span> <span class='ocrx_word' id='word_1_99' title='bbox 917 1500 1033 1563; x_wconf 86' lang='lat' dir='ltr'><strong>vitium</strong></span> <span class='ocrx_word' id='word_1_100' title='bbox 1053 1499 1168 1582; x_wconf 70' lang='lat' dir='ltr'><strong>supere</strong></span> 
     </span>
     <span class='ocr_line' id='line_1_13' title="bbox 119 1605 875 1688; baseline 0.003 -21"><span class='ocrx_word' id='word_1_101' title='bbox 119 1606 151 1667; x_wconf 87' lang='lat' dir='ltr'><strong>et</strong></span> <span class='ocrx_word' id='word_1_102' title='bbox 171 1606 339 1686; x_wconf 79' lang='lat' dir='ltr'><strong>supientia</strong></span> <span class='ocrx_word' id='word_1_103' title='bbox 354 1608 471 1687; x_wconf 86' lang='lat' dir='ltr'><strong>prima</strong></span> <span class='ocrx_word' id='word_1_104' title='bbox 493 1605 647 1672; x_wconf 73' lang='lat' dir='ltr'><strong>Stultitia</strong></span> <span class='ocrx_word' id='word_1_105' title='bbox 668 1607 875 1688; x_wconf 86' lang='lat' dir='ltr'><strong>caruisse)¹).</strong></span> 
     </span>
    </p>

    <p class='ocr_par' dir='ltr' id='par_1_3' title="bbox 111 1711 1167 2649">
     <span class='ocr_line' id='line_1_14' title="bbox 204 1711 1167 1795; baseline 0.003 -20"><span class='ocrx_word' id='word_1_106' title='bbox 204 1711 290 1790; x_wconf 77' lang='lat' dir='ltr'><strong>Quod</strong></span> <span class='ocrx_word' id='word_1_107' title='bbox 305 1713 479 1795; x_wconf 89' lang='lat' dir='ltr'><strong>deniquead</strong></span> <span class='ocrx_word' id='word_1_108' title='bbox 492 1715 649 1778; x_wconf 90' lang='lat' dir='ltr'><strong>modorum</strong></span> <span class='ocrx_word' id='word_1_109' title='bbox 661 1715 865 1778; x_wconf 80' lang='lat' dir='ltr'><strong>mutationem</strong></span> <span class='ocrx_word' id='word_1_110' title='bbox 877 1714 997 1793; x_wconf 79' lang='lat' dir='ltr'><strong>attinet,</strong></span> <span class='ocrx_word' id='word_1_111' title='bbox 1010 1714 1041 1776; x_wconf 90' lang='lat' dir='ltr'><strong>in</strong></span> <span class='ocrx_word' id='word_1_112' title='bbox 1049 1714 1167 1779; x_wconf 87' lang='lat' dir='ltr'><strong>duabus</strong></span> 
     </span>
     <span class='ocr_line' id='line_1_15' title="bbox 119 1816 1167 1904; baseline 0.006 -24"><span class='ocrx_word' id='word_1_113' title='bbox 119 1816 202 1882; x_wconf 89' lang='lat' dir='ltr'><strong>inter</strong></span> <span class='ocrx_word' id='word_1_114' title='bbox 234 1838 266 1883; x_wconf 88' lang='lat' dir='ltr'><strong>se</strong></span> <span class='ocrx_word' id='word_1_115' title='bbox 300 1821 451 1885; x_wconf 90' lang='lat' dir='ltr'><strong>similibus</strong></span> <span class='ocrx_word' id='word_1_116' title='bbox 484 1822 645 1886; x_wconf 87' lang='lat' dir='ltr'><strong>sententiis</strong></span> <span class='ocrx_word' id='word_1_117' title='bbox 675 1822 887 1904; x_wconf 86' lang='lat' dir='ltr'><strong>conjunctivus</strong></span> <span class='ocrx_word' id='word_1_118' title='bbox 920 1823 953 1884; x_wconf 97' lang='grc'><strong>11</strong></span> <span class='ocrx_word' id='word_1_119' title='bbox 983 1821 1167 1886; x_wconf 81' lang='lat' dir='ltr'><strong>indicativus</strong></span> 
     </span>
     <span class='ocr_line' id='line_1_16' title="bbox 117 1926 1167 2012; baseline 0.004 -24"><span class='ocrx_word' id='word_1_120' title='bbox 117 1926 227 1990; x_wconf 89' lang='lat' dir='ltr'><strong>modus</strong></span> <span class='ocrx_word' id='word_1_121' title='bbox 250 1928 403 1993; x_wconf 89' lang='lat' dir='ltr'><strong>interdum</strong></span> <span class='ocrx_word' id='word_1_122' title='bbox 432 1932 599 2012; x_wconf 91' lang='lat' dir='ltr'><strong>ponuntur,</strong></span> <span class='ocrx_word' id='word_1_123' title='bbox 633 1930 687 1993; x_wconf 91' lang='lat' dir='ltr'><strong>sed</strong></span> <span class='ocrx_word' id='word_1_124' title='bbox 710 1947 884 2010; x_wconf 89' lang='lat' dir='ltr'><strong>quanquam</strong></span> <span class='ocrx_word' id='word_1_125' title='bbox 907 1930 1028 2010; x_wconf 88' lang='lat' dir='ltr'><strong>poetam</strong></span> <span class='ocrx_word' id='word_1_126' title='bbox 1050 1931 1167 2011; x_wconf 89' lang='lat' dir='ltr'><strong>utram·</strong></span> 
     </span>
     <span class='ocr_line' id='line_1_17' title="bbox 116 2035 1166 2118; baseline 0.005 -23"><span class='ocrx_word' id='word_1_127' title='bbox 116 2050 175 2113; x_wconf 90' lang='lat' dir='ltr'><strong>que</strong></span> <span class='ocrx_word' id='word_1_128' title='bbox 197 2035 382 2099; x_wconf 83' lang='lat' dir='ltr'><strong>sententiam</strong></span> <span class='ocrx_word' id='word_1_129' title='bbox 414 2054 467 2117; x_wconf 91' lang='lat' dir='ltr'><strong>per</strong></span> <span class='ocrx_word' id='word_1_130' title='bbox 500 2039 628 2101; x_wconf 87' lang='lat' dir='ltr'><strong>eundem</strong></span> <span class='ocrx_word' id='word_1_131' title='bbox 662 2037 785 2101; x_wconf 92' lang='lat' dir='ltr'><strong>modum</strong></span> <span class='ocrx_word' id='word_1_132' title='bbox 812 2036 1007 2118; x_wconf 87' lang='lat' dir='ltr'><strong>pronuntiare</strong></span> <span class='ocrx_word' id='word_1_133' title='bbox 1029 2035 1166 2117; x_wconf 90' lang='lat' dir='ltr'><strong>potuisse</strong></span> 
     </span>
     <span class='ocr_line' id='line_1_18' title="bbox 114 2138 1166 2227; baseline 0.004 -25"><span class='ocrx_word' id='word_1_134' title='bbox 114 2138 205 2204; x_wconf 80' lang='lat' dir='ltr'><strong>facile</strong></span> <span class='ocrx_word' id='word_1_135' title='bbox 238 2143 451 2218; x_wconf 87' lang='lat' dir='ltr'><strong>concesserim,</strong></span> <span class='ocrx_word' id='word_1_136' title='bbox 467 2162 471 2171; x_wconf 89' lang='lat'><strong>·</strong></span> <span class='ocrx_word' id='word_1_137' title='bbox 490 2143 699 2227; x_wconf 85' lang='lat' dir='ltr'><strong>conjunctivus</strong></span> <span class='ocrx_word' id='word_1_138' title='bbox 732 2145 837 2206; x_wconf 91' lang='lat' dir='ltr'><strong>tamen</strong></span> <span class='ocrx_word' id='word_1_139' title='bbox 870 2142 980 2206; x_wconf 91' lang='lat' dir='ltr'><strong>modus</strong></span> <span class='ocrx_word' id='word_1_140' title='bbox 1013 2141 1166 2224; x_wconf 85' lang='lat' dir='ltr'><strong>plerisque</strong></span> 
     </span>
     <span class='ocr_line' id='line_1_19' title="bbox 113 2244 1167 2326; baseline 0.004 -17"><span class='ocrx_word' id='word_1_141' title='bbox 113 2244 190 2311; x_wconf 92' lang='lat' dir='ltr'><strong>locis</strong></span> <span class='ocrx_word' id='word_1_142' title='bbox 223 2247 316 2312; x_wconf 88' lang='lat' dir='ltr'><strong>talem</strong></span> <span class='ocrx_word' id='word_1_143' title='bbox 350 2251 503 2314; x_wconf 89' lang='lat' dir='ltr'><strong>notionem</strong></span> <span class='ocrx_word' id='word_1_144' title='bbox 539 2249 689 2326; x_wconf 89' lang='lat' dir='ltr'><strong>continet,</strong></span> <span class='ocrx_word' id='word_1_145' title='bbox 724 2252 761 2315; x_wconf 88' lang='lat' dir='ltr'><strong>ut</strong></span> <span class='ocrx_word' id='word_1_146' title='bbox 793 2268 882 2313; x_wconf 91' lang='lat' dir='ltr'><strong>omne</strong></span> <span class='ocrx_word' id='word_1_147' title='bbox 915 2249 1077 2312; x_wconf 87' lang='lat' dir='ltr'><strong>discrimen</strong></span> <span class='ocrx_word' id='word_1_148' title='bbox 1118 2250 1167 2313; x_wconf 85' lang='lat' dir='ltr'><strong>vix</strong></span> 
     </span>
     <span class='ocr_line' id='line_1_20' title="bbox 111 2353 1166 2439; baseline 0.003 -22"><span class='ocrx_word' id='word_1_149' title='bbox 111 2353 251 2418; x_wconf 88' lang='lat' dir='ltr'><strong>tollatur.</strong></span> <span class='ocrx_word' id='word_1_150' title='bbox 295 2355 333 2419; x_wconf 94' lang='grc' dir='ltr'><strong>Ι1</strong></span> <span class='ocrx_word' id='word_1_151' title='bbox 350 2357 444 2421; x_wconf 90' lang='lat' dir='ltr'><strong>satira</strong></span> <span class='ocrx_word' id='word_1_152' title='bbox 459 2358 512 2437; x_wconf 88' lang='lat' dir='ltr'><strong>XI,</strong></span> <span class='ocrx_word' id='word_1_153' title='bbox 537 2375 596 2439; x_wconf 91' lang='lat' dir='ltr'><strong>quo</strong></span> <span class='ocrx_word' id='word_1_154' title='bbox 618 2358 683 2421; x_wconf 91' lang='lat' dir='ltr'><strong>loco</strong></span> <span class='ocrx_word' id='word_1_155' title='bbox 706 2367 796 2438; x_wconf 89' lang='lat' dir='ltr'><strong>poeta</strong></span> <span class='ocrx_word' id='word_1_156' title='bbox 818 2357 856 2419; x_wconf 90' lang='lat' dir='ltr'><strong>ad</strong></span> <span class='ocrx_word' id='word_1_157' title='bbox 878 2356 1073 2432; x_wconf 90' lang='lat' dir='ltr'><strong>sententiam,</strong></span> <span class='ocrx_word' id='word_1_158' title='bbox 1097 2376 1166 2437; x_wconf 86' lang='lat' dir='ltr'><strong>quae</strong></span> 
     </span>
     <span class='ocr_line' id='line_1_21' title="bbox 113 2463 1165 2542; baseline 0.004 -18"><span class='ocrx_word' id='word_1_159' title='bbox 113 2463 162 2525; x_wconf 86' lang='lat' dir='ltr'><strong>est</strong></span> <span class='ocrx_word' id='word_1_160' title='bbox 193 2463 433 2542; x_wconf 67' lang='lat' dir='ltr'><strong>radicareris,</strong></span> <span class='ocrx_word' id='word_1_161' title='bbox 458 2465 642 2529; x_wconf 92' lang='lat' dir='ltr'><strong>laudandam</strong></span> <span class='ocrx_word' id='word_1_162' title='bbox 670 2464 795 2535; x_wconf 88' lang='lat' dir='ltr'><strong>transit,</strong></span> <span class='ocrx_word' id='word_1_163' title='bbox 829 2482 896 2527; x_wconf 88' lang='lat' dir='ltr'><strong>av.</strong></span> <span class='ocrx_word' id='word_1_164' title='bbox 927 2466 968 2528; x_wconf 80' lang='lat'><strong>23</strong></span> <span class='ocrx_word' id='word_1_165' title='bbox 1003 2464 1035 2527; x_wconf 90' lang='lat' dir='ltr'><strong>bi</strong></span> <span class='ocrx_word' id='word_1_166' title='bbox 1059 2483 1165 2528; x_wconf 90' lang='lat' dir='ltr'><strong>versus</strong></span> 
     </span>
     <span class='ocr_line' id='line_1_22' title="bbox 111 2565 272 2649; baseline 0.012 -21"><span class='ocrx_word' id='word_1_167' title='bbox 111 2565 272 2649; x_wconf 83' lang='lat' dir='ltr'><strong>leguntur:</strong></span> 
     </span>
    </p>
   </div>
   <div class='ocr_carea' id='block_1_3' title="bbox 70 2737 1167 4233">
    <p class='ocr_par' dir='ltr' id='par_1_4' title="bbox 119 2737 1167 3146">
     <span class='ocr_line' id='line_1_23' title="bbox 119 2737 1167 2807; baseline -0.003 -16"><span class='ocrx_word' id='word_1_168' title='bbox 119 2737 162 2801; x_wconf 88' lang='lat'><strong>·¹)</strong></span> <span class='ocrx_word' id='word_1_169' title='bbox 181 2737 272 2792; x_wconf 77' lang='lat' dir='ltr'><strong>Poeta</strong></span> <span class='ocrx_word' id='word_1_170' title='bbox 299 2741 327 2794; x_wconf 87' lang='lat' dir='ltr'><strong>in</strong></span> <span class='ocrx_word' id='word_1_171' title='bbox 346 2750 400 2795; x_wconf 78' lang='lat' dir='ltr'><strong>sat.</strong></span> <span class='ocrx_word' id='word_1_172' title='bbox 423 2743 528 2807; x_wconf 82' lang='lat' dir='ltr'><strong>quintae</strong></span> <span class='ocrx_word' id='word_1_173' title='bbox 556 2760 581 2795; x_wconf 85' lang='lat' dir='ltr'><strong>v.</strong></span> <span class='ocrx_word' id='word_1_174' title='bbox 601 2745 648 2798; x_wconf 83' lang='lat'><strong>76:</strong></span> <span class='ocrx_word' id='word_1_175' title='bbox 687 2742 785 2794; x_wconf 81' lang='lat' dir='ltr'><strong>Scilicet</strong></span> <span class='ocrx_word' id='word_1_176' title='bbox 812 2742 854 2791; x_wconf 79' lang='lat' dir='ltr'><strong>loc</strong></span> <span class='ocrx_word' id='word_1_177' title='bbox 863 2743 964 2806; x_wconf 85' lang='lat' dir='ltr'><strong>suerat,</strong></span> <span class='ocrx_word' id='word_1_178' title='bbox 989 2749 1087 2805; x_wconf 83' lang='lat' dir='ltr'><strong>propter</strong></span> <span class='ocrx_word' id='word_1_179' title='bbox 1104 2739 1167 2804; x_wconf 83' lang='lat' dir='ltr'><strong>quod</strong></span> 
     </span>
     <span class='ocr_line' id='line_1_24' title="bbox 182 2823 1166 2894; baseline 0.003 -22"><span class='ocrx_word' id='word_1_180' title='bbox 182 2841 247 2888; x_wconf 81' lang='lat' dir='ltr'><strong>sape</strong></span> <span class='ocrx_word' id='word_1_181' title='bbox 264 2827 366 2891; x_wconf 70' lang='lat' dir='ltr'><strong>marri,</strong></span> <span class='ocrx_word' id='word_1_182' title='bbox 385 2826 528 2880; x_wconf 86' lang='lat' dir='ltr'><strong>indicativi</strong></span> <span class='ocrx_word' id='word_1_183' title='bbox 546 2827 860 2894; x_wconf 83' lang='lat' dir='ltr'><strong>plusquamperfectum</strong></span> <span class='ocrx_word' id='word_1_184' title='bbox 880 2824 1050 2877; x_wconf 89' lang='lat' dir='ltr'><strong>insolentius</strong></span> <span class='ocrx_word' id='word_1_185' title='bbox 1069 2823 1166 2890; x_wconf 91' lang='lat' dir='ltr'><strong>posuit</strong></span> 
     </span>
     <span class='ocr_line' id='line_1_25' title="bbox 180 2907 1165 2978; baseline 0.002 -20"><span class='ocrx_word' id='word_1_186' title='bbox 180 2907 268 2972; x_wconf 88' lang='lat' dir='ltr'><strong>(quod</strong></span> <span class='ocrx_word' id='word_1_187' title='bbox 287 2908 422 2975; x_wconf 88' lang='lat' dir='ltr'><strong>loquendi</strong></span> <span class='ocrx_word' id='word_1_188' title='bbox 447 2925 536 2977; x_wconf 85' lang='lat' dir='ltr'><strong>genus</strong></span> <span class='ocrx_word' id='word_1_189' title='bbox 561 2918 590 2964; x_wconf 90' lang='grc'><strong>11</strong></span> <span class='ocrx_word' id='word_1_190' title='bbox 615 2911 689 2978; x_wconf 87' lang='lat' dir='ltr'><strong>apud</strong></span> <span class='ocrx_word' id='word_1_191' title='bbox 709 2910 875 2963; x_wconf 85' lang='lat' dir='ltr'><strong>Sallustium</strong></span> <span class='ocrx_word' id='word_1_192' title='bbox 894 2915 924 2961; x_wconf 91' lang='grc'><strong>11</strong></span> <span class='ocrx_word' id='word_1_193' title='bbox 942 2907 1017 2975; x_wconf 87' lang='lat' dir='ltr'><strong>apud</strong></span> <span class='ocrx_word' id='word_1_194' title='bbox 1037 2907 1165 2960; x_wconf 90' lang='lat' dir='ltr'><strong>Ovidium</strong></span> 
     </span>
     <span class='ocr_line' id='line_1_26' title="bbox 180 2989 1162 3063; baseline 0 -21"><span class='ocrx_word' id='word_1_195' title='bbox 180 2989 207 3042; x_wconf 94' lang='lat' dir='ltr'><strong>in</strong></span> <span class='ocrx_word' id='word_1_196' title='bbox 227 2991 304 3045; x_wconf 85' lang='lat' dir='ltr'><strong>verbi</strong></span> <span class='ocrx_word' id='word_1_197' title='bbox 324 2996 422 3063; x_wconf 80' lang='lat' dir='ltr'><strong>forma,</strong></span> <span class='ocrx_word' id='word_1_198' title='bbox 442 3010 504 3061; x_wconf 89' lang='lat' dir='ltr'><strong>quae</strong></span> <span class='ocrx_word' id='word_1_199' title='bbox 525 3002 570 3048; x_wconf 90' lang='lat' dir='ltr'><strong>est</strong></span> <span class='ocrx_word' id='word_1_200' title='bbox 579 2998 676 3061; x_wconf 79' lang='lat' dir='ltr'><strong>suerat,</strong></span> <span class='ocrx_word' id='word_1_201' title='bbox 696 2995 803 3062; x_wconf 89' lang='lat' dir='ltr'><strong>saepius</strong></span> <span class='ocrx_word' id='word_1_202' title='bbox 822 2993 962 3046; x_wconf 82' lang='lat' dir='ltr'><strong>invenitur</strong></span> <span class='ocrx_word' id='word_1_203' title='bbox 982 2992 1030 3044; x_wconf 85' lang='lat' dir='ltr'><strong>cfr.</strong></span> <span class='ocrx_word' id='word_1_204' title='bbox 1044 2991 1109 3042; x_wconf 90' lang='lat' dir='ltr'><strong>Her.</strong></span> <span class='ocrx_word' id='word_1_205' title='bbox 1128 2990 1162 3052; x_wconf 84' lang='lat' dir='ltr'><strong>V,</strong></span> 
     </span>
     <span class='ocr_line' id='line_1_27' title="bbox 178 3073 1163 3146; baseline -0.003 -16"><span class='ocrx_word' id='word_1_206' title='bbox 178 3076 221 3141; x_wconf 82' lang='grc'><strong>69,</strong></span> <span class='ocrx_word' id='word_1_207' title='bbox 241 3077 331 3144; x_wconf 76' lang='lat' dir='ltr'><strong>erup.</strong></span> <span class='ocrx_word' id='word_1_208' title='bbox 351 3093 376 3130; x_wconf 83' lang='lat' dir='ltr'><strong>e.</strong></span> <span class='ocrx_word' id='word_1_209' title='bbox 397 3079 428 3131; x_wconf 91' lang='lat' dir='ltr'><strong>P.</strong></span> <span class='ocrx_word' id='word_1_210' title='bbox 441 3079 492 3143; x_wconf 88' lang='lat' dir='ltr'><strong>III,</strong></span> <span class='ocrx_word' id='word_1_211' title='bbox 512 3083 537 3146; x_wconf 75' lang='grc' dir='ltr'><strong>ὅ,</strong></span> <span class='ocrx_word' id='word_1_212' title='bbox 556 3082 588 3135; x_wconf 79' lang='lat'><strong>37</strong></span> <span class='ocrx_word' id='word_1_213' title='bbox 606 3080 658 3132; x_wconf 90' lang='lat' dir='ltr'><strong>Nec</strong></span> <span class='ocrx_word' id='word_1_214' title='bbox 677 3080 739 3129; x_wconf 84' lang='lat' dir='ltr'><strong>satis</strong></span> <span class='ocrx_word' id='word_1_215' title='bbox 748 3080 776 3128; x_wconf 83' lang='lat' dir='ltr'><strong>id</strong></span> <span class='ocrx_word' id='word_1_216' title='bbox 784 3080 893 3144; x_wconf 67' lang='grc' dir='ltr'><strong>Ι1111111),</strong></span> <span class='ocrx_word' id='word_1_217' title='bbox 914 3082 944 3129; x_wconf 84' lang='lat' dir='ltr'><strong>et</strong></span> <span class='ocrx_word' id='word_1_218' title='bbox 961 3076 1004 3127; x_wconf 83' lang='lat' dir='ltr'><strong>sic</strong></span> <span class='ocrx_word' id='word_1_219' title='bbox 1022 3073 1163 3127; x_wconf 85' lang='lat' dir='ltr'><strong>interdum</strong></span> 
     </span>
    </p>

    <p class='ocr_par' dir='ltr' id='par_1_5' title="bbox 129 3152 1165 3231">
     <span class='ocr_line' id='line_1_28' title="bbox 129 3152 1165 3231; baseline -0.005 -17"><span class='ocrx_word' id='word_1_220' title='bbox 129 3153 132 3159; x_wconf 79' lang='grc'><strong>’</strong></span> <span class='ocrx_word' id='word_1_221' title='bbox 178 3161 281 3214; x_wconf 90' lang='lat' dir='ltr'><strong>-sed</strong></span> <span class='ocrx_word' id='word_1_222' title='bbox 301 3152 364 3215; x_wconf 75' lang='lat' dir='ltr'><strong>ra&#39;ro</strong></span> <span class='ocrx_word' id='word_1_223' title='bbox 394 3195 417 3201; x_wconf 91' lang='lat'><em>-</em></span> <span class='ocrx_word' id='word_1_224' title='bbox 446 3163 758 3231; x_wconf 83' lang='lat' dir='ltr'><strong>plusquamperfectum</strong></span> <span class='ocrx_word' id='word_1_225' title='bbox 784 3163 813 3231; x_wconf 80' lang='lat' dir='ltr'><strong>ip</strong></span> <span class='ocrx_word' id='word_1_226' title='bbox 832 3161 976 3214; x_wconf 88' lang='lat' dir='ltr'><strong>sententia</strong></span> <span class='ocrx_word' id='word_1_227' title='bbox 995 3158 1165 3212; x_wconf 88' lang='lat' dir='ltr'><strong>secundaria</strong></span> 
     </span>
    </p>

    <p class='ocr_par' dir='ltr' id='par_1_6' title="bbox 144 3244 1165 3651">
     <span class='ocr_line' id='line_1_29' title="bbox 144 3244 1165 3313; baseline -0.003 -17"><span class='ocrx_word' id='word_1_228' title='bbox 144 3306 146 3310; x_wconf 22' lang='grc' dir='ltr'><strong><em>ι</em></strong></span> <span class='ocrx_word' id='word_1_229' title='bbox 177 3245 295 3310; x_wconf 80' lang='lat' dir='ltr'><strong>ponitur</strong></span> <span class='ocrx_word' id='word_1_230' title='bbox 325 3247 375 3312; x_wconf 90' lang='lat' dir='ltr'><strong>(X,</strong></span> <span class='ocrx_word' id='word_1_231' title='bbox 404 3251 466 3304; x_wconf 70' lang='lat'><strong>271:</strong></span> <span class='ocrx_word' id='word_1_232' title='bbox 503 3251 594 3300; x_wconf 78' lang='lat' dir='ltr'><strong>Exitus</strong></span> <span class='ocrx_word' id='word_1_233' title='bbox 616 3249 658 3298; x_wconf 86' lang='lat' dir='ltr'><strong>illc</strong></span> <span class='ocrx_word' id='word_1_234' title='bbox 687 3247 814 3313; x_wconf 82' lang='lat' dir='ltr'><strong>(Priami)</strong></span> <span class='ocrx_word' id='word_1_235' title='bbox 841 3256 954 3309; x_wconf 83' lang='lat' dir='ltr'><strong>utcunque</strong></span> <span class='ocrx_word' id='word_1_236' title='bbox 982 3244 1094 3303; x_wconf 81' lang='lat' dir='ltr'><strong>bominis,</strong></span> <span class='ocrx_word' id='word_1_237' title='bbox 1121 3244 1165 3293; x_wconf 86' lang='lat' dir='ltr'><strong>scd</strong></span> 
     </span>
     <span class='ocr_line' id='line_1_30' title="bbox 177 3326 1163 3398; baseline 0.001 -21"><span class='ocrx_word' id='word_1_238' title='bbox 177 3337 247 3378; x_wconf 80' lang='lat' dir='ltr'><strong>torua</strong></span> <span class='ocrx_word' id='word_1_239' title='bbox 273 3333 358 3381; x_wconf 83' lang='lat' dir='ltr'><strong>caniac</strong></span> <span class='ocrx_word' id='word_1_240' title='bbox 376 3334 495 3384; x_wconf 84' lang='lat' dir='ltr'><strong>Latraait</strong></span> <span class='ocrx_word' id='word_1_241' title='bbox 512 3335 583 3398; x_wconf 79' lang='lat' dir='ltr'><strong>rictu,</strong></span> <span class='ocrx_word' id='word_1_242' title='bbox 612 3350 666 3398; x_wconf 84' lang='lat' dir='ltr'><strong>qaoe</strong></span> <span class='ocrx_word' id='word_1_243' title='bbox 692 3341 746 3397; x_wconf 84' lang='lat' dir='ltr'><strong>post</strong></span> <span class='ocrx_word' id='word_1_244' title='bbox 764 3331 824 3380; x_wconf 82' lang='lat' dir='ltr'><strong>bunc</strong></span> <span class='ocrx_word' id='word_1_245' title='bbox 842 3332 934 3379; x_wconf 74' lang='lat' dir='ltr'><strong>uiuunt</strong></span> <span class='ocrx_word' id='word_1_246' title='bbox 961 3345 1035 3393; x_wconf 83' lang='lat' dir='ltr'><strong>uuor,</strong></span> <span class='ocrx_word' id='word_1_247' title='bbox 1063 3326 1111 3393; x_wconf 86' lang='lat' dir='ltr'><strong>IX,</strong></span> <span class='ocrx_word' id='word_1_248' title='bbox 1130 3329 1163 3384; x_wconf 86' lang='grc'><strong>96</strong></span> 
     </span>
     <span class='ocr_line' id='line_1_31' title="bbox 181 3411 1163 3480; baseline 0 -18"><span class='ocrx_word' id='word_1_249' title='bbox 181 3412 315 3469; x_wconf 70' lang='lat' dir='ltr'><strong>animoso</strong></span> <span class='ocrx_word' id='word_1_250' title='bbox 332 3426 443 3467; x_wconf 83' lang='lat' dir='ltr'><strong>secretum</strong></span> <span class='ocrx_word' id='word_1_251' title='bbox 463 3420 621 3480; x_wconf 84' lang='lat' dir='ltr'><strong>commiserat,</strong></span> <span class='ocrx_word' id='word_1_252' title='bbox 647 3417 717 3467; x_wconf 84' lang='lat' dir='ltr'><strong>ardet</strong></span> <span class='ocrx_word' id='word_1_253' title='bbox 739 3425 760 3465; x_wconf 88' lang='lat' dir='ltr'><strong>ct</strong></span> <span class='ocrx_word' id='word_1_254' title='bbox 778 3415 840 3480; x_wconf 78' lang='lat' dir='ltr'><strong>odit,</strong></span> <span class='ocrx_word' id='word_1_255' title='bbox 868 3414 1000 3477; x_wconf 83' lang='lat' dir='ltr'><strong>Tamquam</strong></span> <span class='ocrx_word' id='word_1_256' title='bbox 1017 3411 1163 3475; x_wconf 83' lang='lat' dir='ltr'><strong>prodiderim</strong></span> 
     </span>
     <span class='ocr_line' id='line_1_32' title="bbox 178 3497 1165 3567; baseline 0 -20"><span class='ocrx_word' id='word_1_257' title='bbox 178 3497 296 3562; x_wconf 84' lang='lat' dir='ltr'><strong>quidquid</strong></span> <span class='ocrx_word' id='word_1_258' title='bbox 311 3501 368 3561; x_wconf 77' lang='lat' dir='ltr'><strong>seio,</strong></span> <span class='ocrx_word' id='word_1_259' title='bbox 388 3500 418 3567; x_wconf 81' lang='lat' dir='ltr'><strong>I,</strong></span> <span class='ocrx_word' id='word_1_260' title='bbox 447 3502 480 3556; x_wconf 79' lang='lat'><strong>63</strong></span> <span class='ocrx_word' id='word_1_261' title='bbox 499 3503 585 3553; x_wconf 87' lang='lat' dir='ltr'><strong>Nonne</strong></span> <span class='ocrx_word' id='word_1_262' title='bbox 604 3503 662 3558; x_wconf 75' lang='lat' dir='ltr'><strong>liter</strong></span> <span class='ocrx_word' id='word_1_263' title='bbox 675 3500 752 3550; x_wconf 89' lang='lat' dir='ltr'><strong>medio</strong></span> <span class='ocrx_word' id='word_1_264' title='bbox 775 3516 844 3548; x_wconf 84' lang='lat' dir='ltr'><strong>ceras</strong></span> <span class='ocrx_word' id='word_1_265' title='bbox 861 3497 958 3562; x_wconf 84' lang='lat' dir='ltr'><strong>implere</strong></span> <span class='ocrx_word' id='word_1_266' title='bbox 976 3513 1076 3559; x_wconf 87' lang='lat' dir='ltr'><strong>capaces</strong></span> <span class='ocrx_word' id='word_1_267' title='bbox 1098 3497 1165 3554; x_wconf 78' lang='lat' dir='ltr'><strong>Qua-</strong></span> 
     </span>
     <span class='ocr_line' id='line_1_33' title="bbox 174 3581 1162 3651; baseline 0.003 -22"><span class='ocrx_word' id='word_1_268' title='bbox 174 3581 260 3648; x_wconf 78' lang='lat' dir='ltr'><strong>drivio,</strong></span> <span class='ocrx_word' id='word_1_269' title='bbox 278 3586 582 3647; x_wconf 79' lang='lat' dir='ltr'><strong>quumjamscxtaccrvicc</strong></span> <span class='ocrx_word' id='word_1_270' title='bbox 595 3588 700 3651; x_wconf 77' lang='lat' dir='ltr'><strong>feratur,</strong></span> <span class='ocrx_word' id='word_1_271' title='bbox 717 3584 811 3647; x_wconf 84' lang='lat' dir='ltr'><strong>...qui</strong></span> <span class='ocrx_word' id='word_1_272' title='bbox 827 3599 853 3631; x_wconf 87' lang='lat' dir='ltr'><strong>sc</strong></span> <span class='ocrx_word' id='word_1_273' title='bbox 871 3581 962 3631; x_wconf 81' lang='lat' dir='ltr'><strong>lautum</strong></span> <span class='ocrx_word' id='word_1_274' title='bbox 980 3591 1053 3644; x_wconf 84' lang='lat' dir='ltr'><strong>atque</strong></span> <span class='ocrx_word' id='word_1_275' title='bbox 1071 3583 1162 3632; x_wconf 87' lang='lat' dir='ltr'><strong>beatum</strong></span> 
     </span>
    </p>

    <p class='ocr_par' dir='ltr' id='par_1_7' title="bbox 128 3665 1162 3905">
     <span class='ocr_line' id='line_1_34' title="bbox 128 3665 1161 3736; baseline 0.01 -21"><span class='ocrx_word' id='word_1_276' title='bbox 128 3719 132 3727; x_wconf 58' lang='grc'><strong>,</strong></span> <span class='ocrx_word' id='word_1_277' title='bbox 165 3666 282 3732; x_wconf 66' lang='lat' dir='ltr'><strong>,Eripuit</strong></span> <span class='ocrx_word' id='word_1_278' title='bbox 300 3669 389 3718; x_wconf 78' lang='grc'><strong>1111111</strong></span> <span class='ocrx_word' id='word_1_279' title='bbox 406 3680 428 3718; x_wconf 79' lang='lat' dir='ltr'><strong>er</strong></span> <span class='ocrx_word' id='word_1_280' title='bbox 443 3688 534 3735; x_wconf 76' lang='lat' dir='ltr'><strong>perarua</strong></span> <span class='ocrx_word' id='word_1_281' title='bbox 544 3674 642 3736; x_wconf 80' lang='lat' dir='ltr'><strong>fecerat</strong></span> <span class='ocrx_word' id='word_1_282' title='bbox 659 3670 722 3730; x_wconf 86' lang='lat' dir='ltr'><strong>uda,</strong></span> <span class='ocrx_word' id='word_1_283' title='bbox 749 3682 804 3731; x_wconf 92' lang='lat' dir='ltr'><strong>quo</strong></span> <span class='ocrx_word' id='word_1_284' title='bbox 824 3665 887 3718; x_wconf 90' lang='lat' dir='ltr'><strong>loco</strong></span> <span class='ocrx_word' id='word_1_285' title='bbox 907 3681 962 3717; x_wconf 91' lang='lat' dir='ltr'><strong>non</strong></span> <span class='ocrx_word' id='word_1_286' title='bbox 981 3670 1066 3734; x_wconf 90' lang='lat' dir='ltr'><strong>pauci</strong></span> <span class='ocrx_word' id='word_1_287' title='bbox 1087 3672 1161 3725; x_wconf 90' lang='lat' dir='ltr'><strong>codi-</strong></span> 
     </span>
     <span class='ocr_line' id='line_1_35' title="bbox 176 3749 1162 3824; baseline 0.008 -23"><span class='ocrx_word' id='word_1_288' title='bbox 176 3763 224 3802; x_wconf 85' lang='lat' dir='ltr'><strong>ces</strong></span> <span class='ocrx_word' id='word_1_289' title='bbox 243 3765 294 3816; x_wconf 87' lang='lat' dir='ltr'><strong>pro</strong></span> <span class='ocrx_word' id='word_1_290' title='bbox 311 3753 409 3819; x_wconf 65' lang='lat' dir='ltr'><strong>fecem</strong></span> <span class='ocrx_word' id='word_1_291' title='bbox 427 3754 532 3807; x_wconf 88' lang='lat' dir='ltr'><strong>hebent</strong></span> <span class='ocrx_word' id='word_1_292' title='bbox 542 3758 656 3821; x_wconf 82' lang='lat' dir='ltr'><strong>fecerit),</strong></span> <span class='ocrx_word' id='word_1_293' title='bbox 677 3761 705 3806; x_wconf 90' lang='lat' dir='ltr'><strong>et</strong></span> <span class='ocrx_word' id='word_1_294' title='bbox 729 3750 872 3805; x_wconf 89' lang='lat' dir='ltr'><strong>sententia</strong></span> <span class='ocrx_word' id='word_1_295' title='bbox 890 3749 1025 3816; x_wconf 88' lang='lat' dir='ltr'><strong>primaria</strong></span> <span class='ocrx_word' id='word_1_296' title='bbox 1044 3762 1093 3808; x_wconf 85' lang='lat' dir='ltr'><strong>aut</strong></span> <span class='ocrx_word' id='word_1_297' title='bbox 1110 3772 1162 3824; x_wconf 86' lang='lat' dir='ltr'><strong>per</strong></span> 
     </span>
     <span class='ocr_line' id='line_1_36' title="bbox 174 3836 1161 3905; baseline 0.008 -20"><span class='ocrx_word' id='word_1_298' title='bbox 174 3847 302 3899; x_wconf 84' lang='lat' dir='ltr'><strong>praesens</strong></span> <span class='ocrx_word' id='word_1_299' title='bbox 330 3844 379 3889; x_wconf 87' lang='lat' dir='ltr'><strong>aut</strong></span> <span class='ocrx_word' id='word_1_300' title='bbox 397 3853 449 3903; x_wconf 92' lang='lat' dir='ltr'><strong>per</strong></span> <span class='ocrx_word' id='word_1_301' title='bbox 467 3841 625 3905; x_wconf 79' lang='lat' dir='ltr'><strong>perfectum</strong></span> <span class='ocrx_word' id='word_1_302' title='bbox 649 3840 839 3900; x_wconf 77' lang='grc'><strong>1111111111,</strong></span> <span class='ocrx_word' id='word_1_303' title='bbox 866 3840 898 3886; x_wconf 91' lang='lat' dir='ltr'><strong>ut</strong></span> <span class='ocrx_word' id='word_1_304' title='bbox 921 3851 973 3902; x_wconf 91' lang='lat' dir='ltr'><strong>pro</strong></span> <span class='ocrx_word' id='word_1_305' title='bbox 1000 3836 1161 3904; x_wconf 89' lang='lat' dir='ltr'><strong>plusquam·</strong></span> 
     </span>
    </p>

    <p class='ocr_par' dir='ltr' id='par_1_8' title="bbox 70 3916 1161 3992">
     <span class='ocr_line' id='line_1_37' title="bbox 70 3916 1161 3992; baseline 0.009 -23"><span class='ocrx_word' id='word_1_306' title='bbox 70 3926 74 3933; x_wconf 87' lang='lat'>&#39;</span> <span class='ocrx_word' id='word_1_307' title='bbox 173 3916 302 3984; x_wconf 72' lang='lat' dir='ltr'><strong>perfecto</strong></span> <span class='ocrx_word' id='word_1_308' title='bbox 321 3920 479 3986; x_wconf 87' lang='lat' dir='ltr'><strong>perfectum</strong></span> <span class='ocrx_word' id='word_1_309' title='bbox 489 3929 601 3992; x_wconf 88' lang='lat' dir='ltr'><strong>tempus</strong></span> <span class='ocrx_word' id='word_1_310' title='bbox 613 3930 802 3992; x_wconf 87' lang='lat' dir='ltr'><strong>exspectetur,</strong></span> <span class='ocrx_word' id='word_1_311' title='bbox 814 3919 859 3984; x_wconf 90' lang='lat' dir='ltr'><strong>qui</strong></span> <span class='ocrx_word' id='word_1_312' title='bbox 883 3919 1019 3984; x_wconf 90' lang='lat' dir='ltr'><strong>loquendi</strong></span> <span class='ocrx_word' id='word_1_313' title='bbox 1039 3941 1107 3978; x_wconf 86' lang='lat' dir='ltr'><strong>usus</strong></span> <span class='ocrx_word' id='word_1_314' title='bbox 1127 3940 1161 3977; x_wconf 95' lang='lat' dir='ltr'><strong>eo</strong></span> 
     </span>
    </p>

    <p class='ocr_par' dir='ltr' id='par_1_9' title="bbox 159 3999 1161 4077">
     <span class='ocr_line' id='line_1_38' title="bbox 159 3999 1161 4077; baseline 0.009 -25"><span class='ocrx_word' id='word_1_315' title='bbox 159 3999 343 4060; x_wconf 37' lang='lat' dir='ltr'><strong>,insolentior</strong></span> <span class='ocrx_word' id='word_1_316' title='bbox 370 4012 428 4071; x_wconf 90' lang='lat' dir='ltr'><strong>est,</strong></span> <span class='ocrx_word' id='word_1_317' title='bbox 457 4007 532 4070; x_wconf 93' lang='lat' dir='ltr'><strong>quod</strong></span> <span class='ocrx_word' id='word_1_318' title='bbox 550 4009 697 4062; x_wconf 76' lang='lat' dir='ltr'><strong>luvenalis</strong></span> <span class='ocrx_word' id='word_1_319' title='bbox 725 4009 754 4062; x_wconf 88' lang='lat' dir='ltr'><strong>in</strong></span> <span class='ocrx_word' id='word_1_320' title='bbox 785 4008 943 4075; x_wconf 86' lang='lat' dir='ltr'><strong>imperfecti</strong></span> <span class='ocrx_word' id='word_1_321' title='bbox 972 4018 1056 4076; x_wconf 87' lang='lat' dir='ltr'><strong>atque</strong></span> <span class='ocrx_word' id='word_1_322' title='bbox 1084 4009 1161 4077; x_wconf 91' lang='lat' dir='ltr'><strong>plus·</strong></span> 
     </span>
    </p>

    <p class='ocr_par' dir='ltr' id='par_1_10' title="bbox 114 4089 1161 4169">
     <span class='ocr_line' id='line_1_39' title="bbox 114 4089 1161 4169; baseline 0.01 -33"><span class='ocrx_word' id='word_1_323' title='bbox 114 4164 117 4169; x_wconf 25' lang='grc'><em>,</em></span> <span class='ocrx_word' id='word_1_324' title='bbox 176 4089 383 4152; x_wconf 86' lang='lat' dir='ltr'><strong>quamperfecti</strong></span> <span class='ocrx_word' id='word_1_325' title='bbox 412 4105 465 4144; x_wconf 90' lang='lat' dir='ltr'><strong>usu</strong></span> <span class='ocrx_word' id='word_1_326' title='bbox 496 4092 639 4158; x_wconf 87' lang='lat' dir='ltr'><strong>pedestris</strong></span> <span class='ocrx_word' id='word_1_327' title='bbox 669 4093 807 4146; x_wconf 86' lang='lat' dir='ltr'><strong>orationis</strong></span> <span class='ocrx_word' id='word_1_328' title='bbox 836 4092 943 4159; x_wconf 83' lang='lat' dir='ltr'><strong>regulis</strong></span> <span class='ocrx_word' id='word_1_329' title='bbox 974 4095 1161 4160; x_wconf 87' lang='lat' dir='ltr'><strong>obtemperat.</strong></span> 
     </span>
    </p>

    <p class='ocr_par' dir='ltr' id='par_1_11' title="bbox 958 4182 997 4233">
     <span class='ocr_line' id='line_1_40' title="bbox 958 4182 997 4233; baseline 0 0"><span class='ocrx_word' id='word_1_330' title='bbox 958 4182 997 4233; x_wconf 75' lang='grc'><strong>111</strong></span> 
     </span>
    </p>
   </div>
   <div class='ocr_carea' id='block_1_4' title="bbox 0 0 1288 4404">
    <p class='ocr_par' dir='ltr' id='par_1_12' title="bbox 0 0 1288 4404">
     <span class='ocr_line' id='line_1_41' title="bbox 0 0 1288 4404; baseline 0 5"><span class='ocrx_word' id='word_1_331' title='bbox 0 0 1288 4404; x_wconf 95' lang='lat' dir='ltr'><strong> </strong></span> 
     </span>
    </p>
   </div>
  </div>
 </body>
</html>
