2566 4404
152 193 194 256 24
432 189 475 242 De
494 187 630 244 liberiore
648 189 798 244 verborum
815 189 921 256 positu.

156 397 225 458 tum
247 394 417 463 tractantes
439 390 752 462 commemoravimus,
787 411 857 456 eum
879 395 1033 458 servatum
1057 395 1204 460 videmus:

156 502 241 582 repit
264 504 302 575 ct,
334 500 444 580 acerbe
465 503 503 574 et,
533 485 697 568 comitet,
726 498 841 563 discite
863 503 901 569 et,
925 502 1097 583 cantitat,
1121 503 1204 568 nein

154 626 214 672 uno
237 607 361 689 quidem
384 606 534 688 particula
556 626 574 670 a
595 605 694 686 priore
717 607 854 671 membro
876 606 1044 685 divellitur,
1067 609 1095 672 si
1107 611 1204 693 poste·

153 715 219 778 rius
242 731 313 778 voc=
337 712 496 793 utriusque
519 713 673 776 communi
695 713 856 795 interjecta
878 714 1067 794 retrahitur),
1102 718 1206 798 praetor

155 821 369 886 additamenta
405 818 535 900 subjecti
562 837 620 882 non
643 819 741 883 solum
763 820 888 884 verbum
911 819 1138 886 enuntiationis
1160 823 1207 885 sed

154 929 249 993 etiam
283 926 360 991 alias
395 925 614 990 enuntiationis
646 933 748 1007 partes
780 926 938 1008 utriusque
966 929 1098 992 membri
1129 947 1205 992 com·

153 1053 263 1100 munes
289 1033 445 1115 interponi
468 1050 557 1113 posse
572 1032 714 1106 vidimus,
738 1034 791 1110 sic,
814 1033 867 1097 ubi
889 1034 947 1098 duo
971 1033 1093 1115 objecta
1115 1036 1209 1099 eidem

152 1141 245 1207 verbo
268 1141 412 1222 adjuncta
434 1141 515 1219 sunt,
549 1140 616 1212 boc,
639 1141 719 1220 quod
740 1140 900 1205 ,luvenalis
922 1141 1004 1204 inter
1026 1141 1209 1222 particulam

153 1250 185 1313 ot
206 1247 290 1329 prius
313 1246 466 1328 objectum
486 1264 572 1311 more
595 1264 650 1310 suo
672 1246 841 1311 intorserit:
863 1247 901 1314 X,
914 1249 978 1312 214
992 1246 1058 1327 Qua
1071 1249 1131 1311 ota
1146 1267 1210 1311 eor·

153 1355 280 1422 nisiaea
302 1352 461 1417 eaaodtot
493 1355 589 1435 atque
623 1353 775 1417 tubarum
797 1356 979 1430 conrates,
1009 1348 1118 1418 eodem
1148 1355 1209 1418 loco

152 1461 310 1525 interdum
344 1458 483 1541 ponitur:
517 1459 592 1522 Hor.
605 1459 643 1523 Α.
657 1462 690 1522 Ρ.
703 1463 761 1526 271
788 1461 951 1524 Numeros
979 1463 1009 1525 et
1037 1460 1211 1552 laudavere

154 1567 253 1644 salec,
287 1571 320 1631 et
342 1566 536 1649 adjectivum,
570 1568 649 1647 quod
683 1568 799 1632 duobus
833 1567 1033 1633 substantivis
1064 1569 1210 1647 adbaeret,

154 1675 296 1759 quodque
320 1675 399 1755 apud
412 1672 594 1738 Juvenalanr
619 1673 698 1737 inter
719 1675 803 1755 prins
826 1678 858 1738 et
880 1675 1063 1755 particulam
1085 1677 1210 1757 copula·

154 1783 251 1847 tivam
276 1799 342 1845 raro
365 1780 584 1862 interponitur:
622 1779 681 1862 IX,
696 1785 756 1847 123
791 1781 900 1845 Farre
926 1801 985 1845 sao
1016 1781 1211 1845 custoditet

155 1908 227 1967 aere,
261 1888 315 1965 XI,
329 1890 370 1954 39
403 1886 491 1952 AEre
506 1889 649 1967 paterno
682 1907 722 1951 ae
750 1889 854 1964 reboo,
888 1889 982 1953 simili
1015 1890 1107 1954 modo
1142 1888 1212 1970 poni

153 2016 251 2080 posse,
277 1995 366 2060 docet
387 1994 482 2068 locus,
505 1993 557 2074 qui
580 1993 611 2056 in
636 1997 693 2058 sat.
715 1995 789 2058 XIV
801 2016 829 2059 v.
842 1999 905 2062 275
927 1996 1054 2078 legitur:
1088 1995 1212 2076 Aspice

149 2108 270 2185 portas
293 2105 323 2165 et
350 2099 488 2181 plenum
516 2102 647 2182 mapoa'c
678 2102 825 2166 trabibus
852 2123 943 2167 more
970 2102 1023 2166 cfr.
1047 2103 1136 2176 VIII,
1154 2106 1211 2168 129

155 2209 223 2274 Per
246 2210 421 2273 concentus
443 2211 474 2273 et
496 2211 613 2271 coacta
628 2228 692 2288 per
722 2210 852 2290 oppida,
886 2210 938 2291 qui
965 2208 1128 2294 verborum
1160 2228 1211 2291 po·

154 2317 233 2383 situs
258 2335 317 2380 non
339 2315 443 2380 minus
464 2314 608 2379 notabilis
638 2319 685 2380 est
718 2335 808 2398 quarn
838 2316 950 2399 objecti
979 2317 1107 2380 duorum
1133 2335 1210 2411 ¹ver·

154 2424 265 2488 borum
288 2422 395 2486 eodem
418 2421 484 2486 loco
507 2422 597 2503 positi
632 2423 681 2486 vel
711 2424 829 2505 positus
850 2424 986 2505 genetivi
1007 2423 1039 2486 in
1062 2423 1211 2505 exemplo,

154 2531 235 2612 qnod
259 2530 327 2612 jam
359 2528 536 2592 attulimus:
573 2528 739 2611 Penatium
761 2536 792 2595 et
812 2530 928 2594 violati
948 2529 1097 2594 caminia
1119 2548 1211 2594 aras.

152 2636 256 2700 Etiam
279 2636 403 2699 Persius
437 2635 622 2718 adjectivum
657 2637 701 2701 sio
734 2637 829 2701 semel
859 2637 975 2718 posuit:
1009 2636 1098 2712 Π,31
1127 2637 1213 2703 Ecce

153 2744 232 2808 acio
254 2745 314 2806 aot
335 2745 482 2806 metueras
505 2741 616 2806 dicam
637 2749 814 2809 matertera
843 2744 896 2808 cfr.
922 2744 1007 2808 Ovid.
1031 2744 1108 2808 Mat.
1123 2745 1210 2820 VIll,

153 2854 214 2919 357
243 2851 350 2932 Quom
376 2850 464 2930 petit
497 2853 556 2913 orat
588 2869 700 2912 moros
728 2852 787 2913 out
808 2850 929 2930 plenos
957 2849 1060 2913 milite
1092 2854 1212 2927 tarrae,

154 2957 248 3022 Trist.
266 2958 324 3034 ΙΙΙ,
341 2960 387 3033 12,
400 2960 440 3022 23
476 2956 640 3021 Sobroere
673 2961 720 3020 est
753 2977 845 3022 arces
867 2961 898 3023 et
919 2959 1047 3021 stantia
1080 2962 1213 3025 moenia

153 3066 270 3140 virtus,
301 3065 377 3128 Met.
392 3067 441 3140 10,
461 3067 521 3140 923
545 3063 630 3146 Virg.
644 3065 721 3128 Aen.
738 3064 775 3140 V,
788 3068 849 3131 588
872 3064 991 3128 Litora
1024 3068 1054 3129 et
1087 3086 1214 3133 uacuos

152 3173 256 3238 sensit
280 3172 352 3236 ciac
381 3171 501 3252 remica
524 3174 667 3251 portas,·
704 3171 779 3236 Hor.
793 3171 849 3235 Od.
869 3173 1036 3249 11,-13,18,
1060 3173 1102 3249 ΙΙ,
1115 3177 1146 3250 6,
1160 3178 1212 3241 21.

152 3278 351 3359 Adiectivum
367 3278 526 3360 utriusque
548 3277 731 3341 substantivi
753 3296 913 3343 commune
935 3279 1093 3360 particula
1117 3299 1212 3364 copu-

153 3385 257 3449 lativae
279 3384 390 3466 ubique
412 3387 547 3467 proxime
569 3385 774 3466 subjungitur,
807 3389 843 3448 ut
864 3387 1014 3467 particula
1036 3390 1214 3468 copulativa

152 3490 292 3572 aprioro
315 3491 505 3555 substantivo
529 3510 587 3555 uon
611 3492 775 3567 divellitur,
810 3511 876 3573 quae
911 3494 1072 3557 vorborum
1107 3496 1213 3562 distri·

152 3597 239 3661 butio
262 3616 347 3678 paene
370 3598 430 3662 fixa
452 3597 547 3664 fuisse
570 3599 698 3663 videtur.
736 3599 885 3681 Virgilius
908 3601 1105 3683 adjectivum,
1130 3606 1213 3685 quod

153 3703 212 3767 duo
235 3704 427 3768 substantiva
449 3704 536 3788 regit,
560 3706 704 3771 hocloco
727 3707 843 3789 posuit:
869 3707 980 3790 Georg.
993 3708 1036 3785 Π,
1049 3713 1113 3775 498
1131 3710 1213 3776 Sta-

66 3834 70 3841 ·
153 3808 284 3872 diorum
311 3813 407 3893 atpoe
436 3812 602 3875 immemor
635 3813 739 3877 terboe
772 3814 825 3877 clr.
851 3816 933 3878 Pers.
948 3816 1003 3892 ΙΙΙ,
1020 3820 1057 3881 16
1084 3816 1212 3883 Tenere

106 3960 111 3973 .
154 3913 299 3980 columbo
322 3921 353 3981 et
385 3917 505 3982 similis
537 3939 650 4001 repam
677 3922 804 4000 poeria,
840 3923 934 3985 etiam
965 3923 1111 3987 Horatius
1146 3928 1212 3992 tale

119 4038 123 4045 ·
153 4020 203 4087 ad*
245 4022 264 4030 ”
362 4023 451 4088 alteri
481 4028 616 4091 membro
650 4028 808 4111 adjungit:
843 4029 899 4092 Od.
917 4029 961 4102 II,
977 4033 1024 4107 19,
1037 4034 1078 4097 28
1108 4031 1213 4098 Pacis
