2566 4404
441 197 484 250 De
503 197 611 265 ellipei.
987 198 1052 264 135

124 401 312 466 nedmodum
352 402 411 466 hoc
446 401 513 465 loco
547 400 696 482 particula
728 401 944 467 condicionalis
978 421 1050 467 cum

123 509 285 591 itempore
306 508 490 590 imperativo
511 508 640 572 alterins
661 508 790 572 mombn'
813 511 974 587 antecedit,
997 510 1043 574 sic

124 615 275 690 cententio,
310 633 378 696 quoe
411 614 596 679 condicionis
630 614 695 678 loco
728 615 829 696 posita
861 620 918 693 eet,
952 616 1047 680 simili

124 722 283 804 npomtivo
304 722 402 785 misce
419 721 627 803 praemittitur,
651 722 846 803 quamobrem
859 724 906 788 vix
917 723 1045 788 dubium

126 848 145 892 n
168 831 328 903 commoto,
351 847 412 892 non
434 834 556 909 puncto,
590 832 661 912 post
683 827 833 894 claudere
855 830 1049 894 incidendum

147 935 299 1000 sententia
339 933 481 999 Aon'buo
511 933 666 1015 exemplis
694 935 806 999 videor
835 939 866 1000 te
898 935 1049 1002 claudere

123 1063 201 1107 »nem
223 1044 368 1109 continet.

137 1150 231 1215 satire
253 1149 393 1231 septimo,
426 1148 478 1212 ubi
500 1167 528 1212 o„
552 1169 578 1212 v.
606 1152 660 1214 191
695 1149 728 1213 hi
756 1168 862 1215 vernus
888 1149 1047 1232 leguntur:

351 1299 449 1364 Felix
472 1304 502 1365 et
518 1299 658 1380 pulcher
680 1305 711 1364 et
732 1321 818 1380 acer,

122 1428 135 1470 o
158 1412 188 1473 et
208 1408 343 1488 sopiens
365 1412 396 1472 et
417 1407 541 1472 codidie
563 1412 594 1472 et
614 1428 801 1489 decomeco,

122 1517 234 1579 >sitam
255 1517 361 1596 cioroe
383 1514 496 1579 lunam
517 1515 660 1579 subtexit
682 1514 803 1595 alutae,·

122 1642 134 1685 o
156 1626 268 1686 orator
291 1642 416 1703 quoque
437 1624 602 1685 mocimus
625 1626 655 1686 et
670 1622 861 1704 jcoclct0r5

122 1810 140 1856 o
162 1792 323 1868 sententia,
345 1811 414 1874 quae
429 1791 686 1872 estAppooo'tom
708 1793 813 1872 ciqrae
835 1791 949 1856 lunam
970 1794 1047 1857 sob-

120 1896 204 1974 lotae,
238 1898 421 1962 condicionis
452 1898 519 1962 loco
551 1900 652 1981 posita
681 1900 738 1980 est
771 1901 842 1980 post
868 1919 1046 1981 nenorosus

128 2007 215 2088 signo
246 2009 316 2087 post
338 2004 438 2069 olctae
452 2006 567 2070 minore
588 2006 784 2070 incidendum
807 2010 870 2081 est:
892 2008 1047 2073 sententie

122 2112 328 2187 codicionalis,
362 2111 414 2176 nbi
442 2112 591 2195 porticula
620 2113 751 2189 auditur,
785 2114 945 2178 sententiae
975 2133 1046 2179 con·

138 2221 282 2301 subjectae
316 2237 435 2300 semper
464 2220 672 2301 proemittitur,
702 2222 734 2284 et
756 2220 870 2283 frustm
890 2219 976 2286 locus
999 2222 1045 2285 af-

120 2327 172 2409 qui
193 2327 224 2390 in
248 2326 342 2390 satiro
363 2332 469 2408 quarta
491 2345 519 2393 a.
531 2347 559 2391 v.
575 2330 614 2393 18
635 2326 668 2391 in
691 2327 843 2408 plerisque
859 2326 1044 2392 editionibus

119 2433 220 2497 bitur:

119 2584 222 2650 olium
244 2565 342 2650 laudo
366 2586 504 2672 artoficio
525 2586 562 2649 dc
584 2604 716 2648 monere
738 2587 829 2648 tanto

119 2694 242 2773 nocam
263 2694 301 2757 do
323 2693 445 2758 tabulis
467 2712 574 2758 ceram
595 2692 686 2756 secio
708 2690 845 2755 abstulit
867 2691 957 2771 orbo}
1034 2747 1037 2751 ,

118 2801 204 2864 ratio
227 2800 374 2876 ulterior,
396 2819 525 2881 modom
546 2801 578 2864 eo'
598 2800 690 2862 misit
712 2799 825 2862 amice

140 2988 229 3035 versu
251 2970 350 3055 primo
373 2988 430 3055 pro
450 2970 489 3033 o‘c
511 2970 672 3051 legendum
697 2970 744 3032 cst
765 2968 838 3045 ci1).

119 3280 244 3344 verbum,
274 3279 349 3346 qnod
368 3286 414 3333 est
430 3280 503 3344 meio,
533 3278 677 3345 objectum
704 3277 803 3345 paullo
831 3275 929 3329 durius
958 3275 1043 3330 omis·

117 3384 122 3417 ι
141 3371 185 3418 est
205 3365 306 3432 (munos,
325 3365 370 3417 vel
388 3364 484 3416 mollum
501 3364 734 3432 potinoexv.15)
753 3363 804 3416 cfr.
819 3360 913 3416 setirae
925 3359 1042 3414 decimee

118 3449 164 3505 99:

195 3565 248 3618 sed
264 3576 329 3617 vetat
346 3567 429 3632 optari
436 3567 529 3631 faciem
546 3565 672 3630 Lucretia,
690 3564 783 3629 qualem

194 3652 259 3716 Ipsa
277 3651 373 3712 iconio
392 3659 485 3716 cuperet
498 3649 590 3700 Rutila
615 3649 727 3715 Veryinia
744 3650 838 3714 yidbum

195 3739 310 3802 Accepere
328 3746 401 3801 atquc
418 3752 486 3785 soom
504 3733 595 3785 Rodlae
612 3733 682 3785 dare.

137 3888 202 3941 loco
222 3887 428 3941 substantivum
447 3899 636 3952 praegressum
654 3886 766 3951 Uocem)
785 3884 926 3951 adjectivo
946 3883 1042 3951 posito

114 3976 145 4038 m)
170 3971 239 4025 dure
259 3971 382 4035 auditur,
403 3985 487 4036 quum
505 3974 592 4036 poeta
609 3984 660 4038 pro
679 3978 751 4036 oque
768 3985 840 4020 nocto
853 3983 937 4021 mone
953 3982 1009 4020 noo
1027 3977 1053 4016 d

109 4073 138 4106 mu
156 4055 251 4107 dicere
267 4055 424 4121 potuisset.
