2566 4404
402 199 445 252 De
465 199 572 266 ellipsi.
949 203 1008 268 159

112 402 290 466 ihibendom
312 419 402 482 quum
421 403 459 466 ad
478 402 543 466 loeo
554 401 735 482 oonjooiurae
756 420 811 484 ope
828 402 1013 466 medendum

113 510 199 573 idum
221 527 288 573 esse
309 508 483 590 Madvigius
507 510 607 585 dooet,
640 510 693 573 sed
721 509 810 590 pauci
840 512 914 573 5555
935 508 1013 574 tales

113 619 217 698 praeter
238 633 304 692 eos,
341 634 418 697 quos
448 616 562 696 regulae
584 618 689 679 auctor
710 615 900 692 emendavit,
924 617 1012 680 modo

114 722 280 804 spositione
302 722 429 785 sanandi
452 740 518 785 esse
540 721 697 796 videntur,
721 741 814 803 qum,
850 721 888 785 de
911 722 1012 803 ellipsi

115 829 180 892 ouda
201 830 288 892 orani
304 827 371 909 jam
394 828 547 910 expositis,
570 828 620 892 hio
642 819 807 911 edJun'gere
828 828 937 909 placet.

138 934 231 998 satira
260 941 360 1008 sexta,
408 952 467 1014 quo
499 934 566 998 loeo
603 933 767 998 mulierum
807 935 1013 998 Romanarum

116 1043 193 1105 iones
208 1045 239 1104 55
258 1049 363 1104 vatum
378 1041 631 1105 consulendorum
647 1041 798 1122 cupiditas
821 1043 1012 1116 accusantur,

116 1150 247 1229 »siquam
259 1147 469 1211 mulieremne
491 1147 676 1212 levissimam
689 1148 811 1230 quidem
832 1166 896 1211 rem
921 1148 1010 1230 ephe·

118 1273 132 1318 s
153 1271 214 1317 555
234 1254 380 1318 oonsuliis
403 1257 547 1336 agentem
570 1254 834 1329 commemoravit,
857 1273 876 1318 a
896 1274 925 1318 v.
948 1257 1011 1321 582

118 1380 144 1425 rs
167 1361 268 1424 addit:

119 1510 277 1576 mediocris
300 1513 369 1585 erit,
391 1513 537 1594 spatium
559 1511 714 1576 lustrabit
735 1513 892 1594 utriupue

120 1639 214 1682 urum
236 1623 265 1684 et
286 1622 391 1683 sortes
413 1619 506 1684 ducet
519 1619 728 1702 frontemque
749 1640 947 1701 mauumpue

120 1726 207 1789 bebit
227 1728 298 1790 uati
319 1727 466 1790 crebrum
480 1746 667 1808 poppysma
688 1727 833 1808 reparati.

120 1833 218 1896 itibus
239 1852 399 1914 respousa
420 1833 545 1897 dubuut
566 1833 681 1915 Pbrpu
703 1853 812 1915 oupur
834 1837 864 1898 et
884 1833 992 1898 ludus

121 1939 249 2018 duetus,
275 1940 366 2004 dabit
388 1944 555 2004 astrorum
576 1941 759 2020 muudique,
768 1942 900 2021 peritus

121 2067 153 2110 ue
176 2047 299 2128 uliquis
320 2048 445 2123 serator,
469 2049 526 2128 pui
541 2047 678 2129 publiea
692 2047 837 2130 sulpura
860 2048 990 2112 ooudit:

122 2155 213 2217 otuu
234 2155 271 2217 iu
293 2153 387 2217 Oireo
403 2155 552 2236 positum
574 2158 622 2218 est
643 2157 673 2218 et
694 2155 731 2218 iu
754 2175 871 2236 appere
885 2154 1007 2237 fatum.

122 2280 127 2319 r
149 2260 249 2324 audis
271 2260 403 2342 toupum
425 2261 566 2325 osteudit
589 2261 765 2325 eeroioibus
788 2281 916 2336 aurum,

123 2366 201 2430 subit
222 2371 299 2431 aute
313 2367 439 2450 pbatus
461 2367 750 2448 delphinorumque
772 2366 951 2445 ootumuas,

123 2493 207 2555 sapa
227 2474 379 2539 ueudeuti
400 2475 504 2539 uubut
526 2493 670 2555 oaupoue
692 2473 816 2540 retieto.

132 2585 240 2645 tamea
262 2585 292 2645 et
307 2585 431 2662 partus
451 2582 590 2646 subeuut
611 2581 786 2645 discrimem
808 2583 838 2643 et
860 2599 969 2644 omues

124 2688 198 2751 uus
220 2687 362 2752 tolerarat
375 2687 518 2772 sortuua
539 2691 674 2770 urpeute
696 2687 842 2765 iabores,·

126 2795 218 2876 jacet
239 2798 358 2858 aurato
380 2797 436 2860 oiu
457 2795 530 2859 utta
544 2814 711 2875 puerpera
733 2794 821 2858 teoto.

126 2963 304 3028 {einrichius
325 2964 424 3028 locum
448 2965 527 3038 edit3
548 2964 743 3028 Hermaunus
765 2962 799 3024 in
812 2981 840 3024 v.
857 2962 920 3027 585
941 2964 1011 3041 post

126 3074 239 3134 mmuie
260 3071 369 3135 inuidit
391 3074 422 3134 et
443 3071 652 3153 participium,
677 3069 756 3150 quod
781 3070 829 3131 555
856 3066 1005 3130 Gouduo-

128 3176 155 3239 is
183 3178 435 3258 subsequentibus
458 3178 614 3259 adjungit,
648 3175 702 3240 alii
726 3194 780 3256 pro
803 3174 928 3238 dubuut
951 3173 1009 3254 (sio

127 3284 281 3362 ihoeanus)
313 3284 448 3348 scribunt
471 3283 575 3360 dabit,
609 3282 662 3346 alii
694 3301 747 3364 pro
782 3281 890 3345 luctus
922 3279 1008 3343 iude.

128 3409 196 3455 vum
220 3394 338 3470 autem,
373 3392 452 3472 quod
474 3393 522 3454 555
544 3410 665 3471 uupur,
699 3405 733 3453 eo
755 3389 822 3452 loeo
847 3387 1009 3450 interduo

131 3495 261 3579 (Pbrpu
283 3499 315 3560 55
325 3496 444 3576 Iudas)
468 3497 682 3578 interpositum
707 3499 762 3570 est,
786 3498 822 3559 55
844 3497 1008 3575 utrumque

161 3604 327 3667 seeundum
353 3604 512 3668 iuvenalis
534 3604 696 3668 verborum
728 3601 1009 3666 distribuendorum

144 3710 172 3773 ei
200 3711 371 3787 adhaereat,
407 3714 438 3774 et
466 3710 659 3792 participium
692 3709 881 3774 Oouduotus
910 3708 1008 3771 eidem

131 3835 149 3880 o
184 3817 362 3899 adjunctum
400 3820 461 3892 est,
506 3819 701 3900 quamobrem
739 3816 904 3899 legendum
944 3815 1008 3877 est:

147 3942 306 4003 respousa
333 3920 424 3987 dabit
443 3923 563 4007 Pbrpu
592 3945 701 4007 aupur
729 3927 759 3989 et
783 3922 889 3988 Iactus
924 3919 1013 3983 <bom

126 4029 218 4092 dabit
241 4049 311 4111 epp.
369 4032 488 4099 Omnes
511 4034 577 4100 fere
598 4035 795 4119 5555555555
817 4027 948 4111 555555
963 4027 1039 4086 555-
