2566 4404
370 205 413 257 I)e
432 204 581 273 particulis
601 206 781 273 copulativis.
1052 212 1096 275 75

129 413 208 472 corte
231 408 341 472 ultima
360 409 510 472 sententia
524 425 578 490 per·
593 410 760 491 asyndeton
782 410 881 492 posita
904 411 1020 475 duabus
1043 429 1094 476 co·

120 514 178 578 live
195 515 313 597 junctis
336 514 495 579 sententiis
518 515 650 592 additur,
673 517 726 580 sed
748 535 841 597 quum
865 516 949 580 verbi
972 519 1094 599 tempus
1121 502 1123 508 ’

121 640 132 683 ι
152 622 372 702 significatione
395 622 476 686 facta
497 621 663 687 insolenter
684 628 822 687 mutetur
842 623 943 706 (sedet
964 627 994 687 ct
1014 627 1093 687 ster-

122 748 137 789 r
157 728 376 802 otiabantur,
398 730 523 805 reniet),
546 731 679 794 adducor
700 734 735 795 ut
757 731 888 806 credam,
909 731 1092 795 iuvenalem

129 837 245 899 etrite
268 837 321 900 sed
345 856 384 900 ec
405 838 474 900 ritu
496 837 662 919 scripsisse,
696 856 767 902 nam
800 837 848 901 hae
883 854 972 901 voces
1002 836 1092 901 facilc

124 944 262 1020 tutantur,
296 948 328 1007 et
360 944 572 1025 praepositione
605 943 749 1007 restituta
777 943 880 1008 omnia
902 950 984 1007 recta
1007 950 1091 1009 sunt:

124 1069 181 1112 iura
203 1050 376 1130 copulativa
398 1052 429 1113 in
451 1051 620 1133 asyndeton
649 1050 768 1126 transit,
802 1069 893 1133 quem
927 1051 1091 1115 transitum

123 1161 223 1220 uatuor
245 1158 448 1221 membrorum
475 1158 619 1240 junctura
648 1157 759 1238 saepius
786 1177 802 1220 a
826 1158 976 1223 Juvenalc
1004 1159 1090 1222 adhi-

122 1282 227 1327 nesse
249 1264 417 1341 docuimus,
440 1269 529 1345 atque
552 1263 635 1327 verbi
657 1264 803 1344 temporis
829 1240 959 1329 mutatio
981 1284 999 1330 a
1020 1284 1090 1330 mu·

121 1388 155 1433 ne
182 1371 342 1453 juncturae
369 1371 477 1453 incipit
499 1371 603 1451 (sedet
635 1375 666 1434 ct
697 1371 877 1434 sternitur:
914 1371 1089 1450 dabuntur,

121 1480 167 1552 rt).
214 1476 246 1541 Si
279 1478 345 1542 haec
378 1478 548 1542 emendatio
582 1479 676 1560 accipi
709 1481 818 1559 potest,
853 1480 967 1562 regula,
999 1499 1088 1560 quam

120 1585 203 1657 imus,
227 1588 355 1654 constat.
388 1603 455 1648 nam
485 1587 515 1648 in
540 1585 634 1649 satira
657 1589 750 1661 sexta,
773 1586 825 1648 ubi
847 1587 913 1650 haec
934 1605 953 1650 a
975 1607 1002 1652 v.
1030 1591 1089 1652 144

120 1694 152 1755 ib
175 1695 260 1754 suni:

118 1842 183 1908 l'rea
205 1863 296 1924 repre
317 1843 455 1907 subeant
476 1848 507 1908 ct
528 1863 562 1908 se
585 1846 668 1908 cutis
690 1845 790 1908 crida
812 1844 908 1924 locet,

117 1950 207 2015 i‘icret
229 1951 358 2014 obscuri
380 1951 491 2016 decies
513 1951 661 2032 oculique
682 1954 832 2016 minores,

124 2121 345 2184 sententiarum
373 2120 545 2201 complexus
574 2120 638 2185 sine
671 2121 778 2205 copula
805 2122 907 2205 juncti
941 2124 1022 2198 sunt,
1056 2129 1086 2186 et

117 2247 126 2292 ι
149 2231 179 2290 ct
200 2246 235 2291 se
256 2227 341 2291 cretis
362 2227 461 2291 crida
483 2226 580 2304 lucet,
609 2247 675 2310 quae
698 2230 825 2293 eandem
846 2229 910 2293 iere
932 2230 1085 2294 notionem

119 2339 191 2398 nont
212 2337 302 2415 atque
318 2351 406 2399 voees
427 2353 618 2417 praegressae:
653 2335 731 2399 Tres
753 2355 844 2417 rcycc
865 2336 1012 2414 subcunt,
1037 2338 1086 2402 his

116 2459 143 2504 m
177 2441 266 2506 modo
300 2442 441 2522 adjuncta
475 2445 554 2515 sont,
591 2460 650 2523 quo
682 2443 715 2507 in
747 2459 835 2507 versu
869 2444 965 2508 altero
999 2462 1085 2508 voces

116 2549 184 2628 ique
205 2549 348 2611 minores
369 2549 609 2629 praecedentibus
632 2551 743 2614 additae
766 2553 846 2614 suut.
903 2550 1084 2631 Bipertitam

116 2655 295 2735 tonationis
321 2655 566 2720 distributionem
586 2655 747 2721 luvenalis
775 2662 867 2734 amat,
901 2661 933 2722 ct
954 2658 1084 2722 conferri

116 2764 136 2824 it
156 2761 250 2838 locus,
273 2762 324 2842 qui
346 2762 378 2825 in
399 2762 492 2825 satira
503 2762 580 2825 Xlll
596 2779 653 2826 av.
667 2767 706 2828 67
730 2763 775 2827 sic
796 2765 929 2844 scriptus
952 2769 1014 2829 est:

115 2912 277 2988 iciiicitcc,
300 2916 467 2993 serapiam
489 2913 616 2993 lapides
638 2913 787 2996 effuderit
808 2917 918 2991 imber,

115 3019 306 3100 irarumque
328 3020 562 3102 apiumlocyc
585 3022 764 3087 consederit
785 3043 851 3086 ricc

115 3125 248 3190 latiniore
270 3126 404 3205 delubri,
429 3131 596 3210 tamquam
616 3130 653 3193 irc
675 3149 766 3193 mare
780 3129 920 3212 fluxerit
941 3133 1050 3195 crariis

114 3232 296 3314 icryitibus
318 3236 413 3298 miris
436 3238 466 3319 ct
488 3235 584 3299 lactis
605 3237 725 3301 cortice
747 3242 883 3301 torreris.

114 3404 197 3468 imus
230 3404 333 3486 igitur,
369 3406 400 3467 et
432 3405 599 3484 asyndeton
625 3405 659 3469 in
681 3406 884 3488 copulativam
901 3408 1082 3490 juncturam

113 3512 291 3592 opulativam
309 3512 486 3594 junctrnam
508 3511 538 3575 in
563 3513 732 3593 asyndeton
756 3516 839 3577 certa
860 3513 928 3596 lege
950 3516 1080 3580 transire

112 3635 129 3692 i,
152 3619 346 3699 quamobrem
370 3619 498 3700 quaestio
520 3619 658 3691 occurrit,
687 3639 761 3683 num
785 3623 912 3702 utraque
931 3622 1081 3704 jungendi

136 3725 323 3788 commisceri
353 3725 456 3806 possit.
505 3726 664 3791 Juncturae
698 3728 879 3810 copulativa
913 3728 1080 3810 asyndeton

139 3830 321 3896 Juvenalcm
356 3851 505 3912 nusquam
537 3833 739 3914 interseritur,
774 3839 837 3900 tres
871 3841 972 3901 autem
1008 3839 1081 3898 sunt

132 3938 240 4019 quibus
269 3939 428 4004 iuvenalis
462 3940 550 4003 alteri
586 3940 695 4004 rationi
729 3942 893 4008 indulsisse
929 3943 1077 4007 videatur.

110 4047 195 4112 satira
227 4047 306 4110 enim
329 4040 395 4123 XV,
429 4063 488 4127 quc
520 4048 585 4110 loco
618 4065 721 4128 pugna
752 4049 832 4113 inter
859 4048 974 4113 incolas
1003 4046 1079 4109 Om-
