2566 4404
406 227 448 278 De
467 226 630 280 notionibus
649 227 862 282 transferendis.
1098 233 1163 297 223

119 431 335 514 rensgmdiens
361 432 497 513 exemplo
530 432 663 495 nondum
686 431 825 496 absoluto
849 449 935 513 eam,
967 450 1034 513 quoe
1056 451 1162 497 orem·

118 537 196 621 ¹>lum
219 537 306 620 sequi
329 538 426 615 solet,
459 537 554 602 totius
575 538 696 619 generis
720 539 1038 604 commemorationem
1061 541 1160 605 inter-

117 645 218 722 emit,
251 649 291 720 et,
314 644 341 708 si
365 638 450 709 huno
476 644 577 709 lorum
609 665 679 711 eum
714 646 850 727 exemplo
874 662 966 728 supra
987 645 1080 710 allato
1102 645 1160 726 (ΙΙ,

116 751 471 834 ῐ4)“οοωρατανοτίιῐιυεε

146 903 266 967 Nonne
288 903 394 985 ipitnr
408 904 488 986 jere
510 923 549 967 oe
570 905 683 970 merito
706 905 790 968 vitta
811 903 930 967 ntte'rne
943 905 1041 988 fictos

151 1008 369 1074 Contemnunt
391 1009 535 1076 Sceneos
556 1015 587 1076 et
608 1013 773 1094 eostipote
794 1011 996 1076 remordent!

147 1117 225 1182 Non
248 1117 326 1181 tulit
347 1138 386 1182 ee
407 1118 478 1183 illio
500 1122 626 1183 toronen
648 1119 800 1184 Laronia
823 1118 986 1200 quendam

110 1289 223 1369 poetam
248 1289 377 1370 utroquo
398 1289 464 1354 loeo
486 1295 557 1372 post
578 1290 669 1353 verbe
696 1289 822 1354 alterius
844 1289 945 1371 ipsum
967 1283 1155 1369 propbeitum

109 1398 332 1486 persequentem
355 1396 541 1474 videbimus,
575 1415 674 1480 neque
707 1397 832 1462 dubium
854 1397 929 1470 erit,
964 1396 1156 1477 quietiores,

108 1518 170 1584 puae
193 1505 265 1566 suot
286 1500 368 1565 dirce
390 1502 655 1590 enlpceenbjeeti
679 1504 782 1567 looum
807 1504 941 1566 teneant.
997 1500 1157 1586 Scriptum

106 1608 197 1691 'mitur
218 1610 466 1690 praestantissimi
487 1612 606 1690 codicis,
630 1630 697 1693 quoe
719 1615 767 1675 est
789 1610 996 1694 confirment,
1026 1609 1155 1672 tenende

105 1717 158 1779 eet.
204 1716 241 1779 In
264 1716 358 1780 satire
380 1721 474 1793 sexte,
497 1719 550 1782 ubi
572 1723 677 1802 poeta,
700 1717 823 1800 garrule
843 1717 959 1780 femina
980 1715 1066 1780 nobie
1087 1734 1153 1798 pro·

104 1822 217 1904 posita,
252 1823 290 1885 ad
318 1823 400 1887 aliud
424 1824 572 1889 muliebre
595 1825 702 1889 vitium
725 1824 955 1889 describendum
978 1823 1022 1887 sie
1040 1824 1154 1896 ,transit

102 1943 140 2003 [v.
164 1930 256 2013 413):
319 1973 324 1981 ·

142 2078 212 2145 Nee
234 2085 344 2146 temen
366 2083 404 2146 id
422 2085 539 2147 vitient
560 2085 668 2166 mepte
689 2081 895 2154 intolernbite
917 2102 1016 2162 quarn
1038 2101 1110 2162 pnoe

149 2187 281 2252 Vicinos
302 2189 440 2255 nemetes
462 2212 577 2272 rapere
599 2195 637 2284 et
651 2189 819 2254 eoneidere
841 2189 922 2253 torte

141 2295 297 2361 Exorata
318 2297 400 2361 solet
804 2296 809 2306 ’

97 2465 150 2528 elii
183 2486 239 2550 pro
261 2487 333 2546 qnae
361 2486 421 2531 non
450 2484 561 2549 paucos
589 2484 694 2528 verum
723 2465 886 2529 deteriores
908 2467 1026 2530 oodioes
1050 2466 1149 2531 secuti

96 2571 185 2653 qnod
206 2573 398 2637 substituunt
422 2575 488 2656 (sed
516 2576 654 2638 remanet
678 2575 847 2657 exorate),
881 2573 948 2648 alii,
971 2573 1051 2636 inter
1073 2590 1151 2654 quos

95 2678 306 2753 Heinriobius‚
333 2699 498 2762 pronomen
521 2681 794 2746 demonstrativum
816 2682 887 2746 eine
909 2681 1058 2746 omissum
1081 2697 1150 2742 esse

94 2786 297 2862 contendunt,
322 2806 413 2868 quem
436 2791 471 2851 ut
493 2787 689 2852 omissionem
712 2788 854 2870 probent,
877 2790 1008 2862 alterum
1031 2808 1066 2853 ex
1088 2787 1148 2852 Ju-

94 2891 204 2955 venele
227 2894 342 2968 locum,
377 2894 430 2957 ubi
452 2894 562 2958 similis
585 2895 710 2959 omissio
732 2895 814 2958 faeta
835 2896 884 2971 sit,
906 2887 1049 2959 efferunt
1090 2894 1149 2958 nst

94 2995 150 3060 ille
173 3000 257 3063 loeus
278 3000 311 3064 in
333 3001 427 3065 satira
459 3002 568 3087 prime,
591 3001 643 3065 ubi
679 3005 770 3086 poeta
803 3003 950 3066 infamem
973 3001 1147 3065 delatorem

98 3122 338 3171 commemorans
361 3130 379 3173 a
401 3130 429 3175 v.
455 3110 603 3176 roobec
626 3109 716 3172 dieit:

141 3258 247 3338 anrn
268 3261 374 3324 veniet
395 3265 518 3337 eontra,
542 3261 644 3343 dipito
664 3231 828 3341 'compesce
850 3259 1022 3325 tebeltnrn:

134 3365 320 3430 Accusator
341 3370 412 3445 ent,
435 3370 493 3450 qni
513 3369 643 3433 verbnm
665 3368 788 3434 dixerit
813 3368 882 3432 »bio
904 3372 983 3433 est«.

94 3550 184 3614 quem
197 3535 298 3599 locum
312 3537 356 3599 sio
368 3537 527 3618 explicant,
548 3543 583 3602 ut
605 3539 676 3602 eins
698 3543 768 3602 ente
792 3538 975 3603 sententiam
986 3539 1144 3602 relativam

94 3641 243 3706 omissum
266 3662 332 3707 esse
355 3645 467 3709 dicent.
513 3645 599 3724 Quod
613 3645 640 3709 si
664 3664 700 3709 ex
721 3644 814 3708 nullis
837 3645 906 3708 aliie
921 3646 996 3710 loeis
1019 3646 1144 3711 omissio

94 3749 216 3812 defendi
237 3757 357 3832 posset,
381 3770 417 3816 ea
438 3755 520 3816 certe
543 3752 707 3828 enarratio,
729 3768 822 3833 quem
842 3754 1040 3832 grammatice
1065 3752 1143 3817 ratio

94 3858 298 3922 oommendet:
331 3858 373 3936 is³
404 3859 466 3942 quiv
484 3859 608 3923 verbum
642 3860 750 3924 dixerit
775 3861 843 3924 »hie
870 3865 953 3936 eet«,
987 3863 1145 3925 aecusator

94 3963 148 4026 erit
170 3965 380 4045 (quomobrem
409 3966 532 4031 infamio
560 3966 676 4030 deletor
704 3985 773 4030 eum
805 3986 949 4051 occupare
973 3968 1142 4044 conabitur)
1245 4000 1248 4005 ⁴

94 4070 347 4151 praeferendeoret
357 4077 438 4155 -et
444 4072 544 4138 locum
553 4074 597 4138 sio
604 4074 813 4155 eeeipiendum
824 4094 889 4140 esse
901 4076 1073 4158 putaverim
1090 4108 1142 4149 -,
