2566 4404
434 194 477 247 De
497 193 593 261 ellipsi
981 197 1044 263 145

128 395 234 479 satim,
257 396 337 478 qnod
359 394 543 462 sententiam
565 393 726 460 relativam
748 396 916 472 constituit,
939 396 1043 479 immi·

128 559 130 566 ,
151 503 218 568 haec
231 503 394 582 ‚notionem
416 500 549 566 hominis
570 501 621 564 vel
642 503 718 567 certi
740 503 897 567 hominnm
920 503 1042 583 generis

128 611 145 686 t
168 609 261 674 etam
284 612 356 674 anto
377 607 553 692 genetivum
577 610 608 671 et
626 609 761 673 dativum
784 609 970 692 pronominis
992 627 1042 673 re·

127 716 348 799 asum-passim
368 714 542 780 omittitur:
575 714 612 791 X,
634 718 677 782 45
713 716 804 780 Tunc
826 735 952 797 quoque
973 734 1041 779 ma

133 823 223 891 nsua
235 823 362 887 unvair
385 820 431 885 ud
446 839 556 885 omnes
572 819 735 886 Occursus
750 821 925 904 Mutuum,
948 823 1043 888 cuius

127 929 170 992 tia
191 931 368 1004 marmiren
391 928 427 1002 V,
451 931 493 995 52
519 926 593 991 Titi
607 927 733 1009 pocula
755 948 871 994 cursor
892 928 1044 995 cautus

126 1039 178 1100 aut
199 1035 291 1117 niqui
311 1053 431 1099 manus
461 1053 556 1098 ossea
576 1033 712 1109 Mauri,
745 1035 792 1099 Et
818 1038 872 1101 cue'
887 1057 951 1118 per
977 1056 1043 1101 urc-

126 1141 194 1206 rolr's
217 1162 383 1206 occurrere
404 1144 549 1219 noctem;
572 1142 763 1207 accusativus
785 1143 894 1208 deinde
917 1145 1042 1208 demon·

126 1299 129 1323 ,
163 1250 243 1330 quod
270 1249 302 1311 in
326 1248 479 1313 sententia
507 1247 653 1331 primaria
675 1248 786 1331 objecti
815 1251 917 1315 locum
938 1253 1042 1314 tenore

131 1403 139 1433 ,
162 1359 233 1420 ante
256 1355 477 1419 nominativum
500 1355 687 1437 pronominis
709 1356 846 1431 relativi,
868 1359 900 1420 et
921 1356 1042 1421 dativus

125 1481 171 1527 sus
193 1480 247 1545 per
274 1460 489 1526 attractionem
520 1463 670 1542 quandam
701 1467 773 1526 ante
802 1463 940 1527 dativum
960 1463 1042 1526 rela-

124 1568 174 1633 itti
196 1571 310 1651 potest:
344 1567 399 1644 XI,
421 1571 463 1633 24
490 1565 696 1648 Despiciam,
725 1569 783 1648 pud
816 1569 895 1648 scit,
921 1572 1041 1651 quanto

124 1677 165 1737 Tor
180 1673 280 1738 Atlas
303 1672 459 1739 Omnibus
477 1675 516 1738 e‘n
532 1674 640 1756 Libya
659 1674 705 1737 su't
720 1675 901 1754 montibus
923 1677 961 1754 X,
978 1679 1041 1742 329

125 1781 283 1864 quidnam
306 1780 518 1846 Suadendum
540 1784 731 1861 cesenates,
754 1783 808 1845 cue'
829 1783 949 1846 nubere
976 1781 1041 1847 Ooe·

124 1907 186 1952 cor
197 1886 356 1953 Destinat
367 1888 470 1970 (modo
483 1890 540 1952 hoc
561 1889 628 1953 loco
641 1890 707 1952 haec
711 1889 899 1970 pronominis
916 1889 1042 1954 omissio

123 2001 172 2072 n),
203 1999 234 2059 et
259 1995 292 2058 in
313 1998 369 2060 sat
394 1995 468 2058 XlV
496 2014 523 2059 v.
547 1997 610 2061 298
633 1994 700 2059 Sed
720 1996 813 2059 cuius
839 1997 927 2059 'uotis
948 1995 1041 2059 modo

122 2100 256 2183 ffecerat
277 2121 412 2171 aurum,
446 2101 591 2183 Fripu'da
612 2101 775 2186 sufficient
803 2102 949 2167 celantes
970 2103 1040 2184 inp-

122 2210 200 2272 anna'
221 2209 340 2272 dativus
368 2209 555 2288 pronominis
584 2209 816 2274 demonstrativi
845 2212 915 2273 ante
943 2227 1039 2292 gene-

124 2315 313 2400 pronominis
343 2314 464 2377 relativi
506 2315 637 2378 omissus
676 2318 739 2382 est.
787 2315 867 2398 quod
899 2314 1040 2396 loquendi

122 2422 167 2486 ita
201 2420 342 2503 explicari
375 2423 493 2501 potest,
522 2422 558 2483 ut
591 2421 685 2484 cuius
717 2423 802 2485 uotis
835 2422 915 2484 idern
949 2423 1042 2502 atque

121 2547 130 2591 1
151 2546 287 2610 personae
310 2527 443 2607 optantis
466 2526 565 2591 valere
588 2527 734 2592 dicamus.
786 2529 845 2593 Ubi
867 2538 972 2592 autem
991 2547 1042 2591 ac-

120 2653 152 2698 us
168 2633 289 2698 relativi
311 2633 495 2707 sententiam
518 2652 719 2716 praegressum
733 2635 859 2710 inducit,
881 2635 1041 2699 Juvenalis

120 2741 207 2804 ivum
228 2739 476 2816 demonstrativi,
510 2740 590 2821 quod
624 2741 777 2823 objectum
805 2745 852 2806 est
881 2741 1041 2805 sententiae

119 2847 166 2922 is,
202 2865 351 2928 nusquam
382 2845 527 2925 omisit1).
572 2847 608 2909 In
631 2847 724 2911 satira
747 2850 863 2923 octava,
901 2847 953 2911 ubi
975 2848 1042 2912 haec

131 2956 203 3017 sunt
225 2956 256 3031 (a
278 2973 304 3016 v.
331 2953 421 3036 135):

118 3071 178 3134 uod
197 3071 229 3134 su’
244 3071 448 3151 praecpitem
471 3072 563 3151 rapit
584 3071 726 3134 ambitus
747 3074 846 3150 atque
868 3069 978 3146 libido,

118 3178 120 3226 ῗ
133 3176 272 3260 fraupe's
293 3179 407 3259 sirpus
428 3179 590 3241 sociorum
610 3178 648 3242 u'n
668 3179 837 3259 sanquine,

117 3380 206 3447 atius,
227 3380 275 3446 qui
293 3388 324 3434 ut
341 3379 493 3434 «luvenalis
507 3387 571 3433 ante
591 3380 713 3434 dativum
729 3381 841 3434 relativi
862 3380 983 3434 dativum
994 3381 1041 3434 de·

116 3464 240 3517 nstrativi
260 3465 378 3532 omittit,
406 3465 554 3518 relativum
574 3469 669 3525 autem
688 3464 909 3518 demonstrativo
930 3479 1042 3533 semper

116 3548 223 3615 eponit:
249 3548 391 3615 Sat.1‚l,
413 3549 446 3605 45
463 3548 586 3614 Inuenium
605 3548 645 3597 eui
660 3549 691 3597 sil
710 3588 716 3601 .
736 3588 742 3600 .
763 3589 769 3602 .
797 3549 839 3599 des
856 3551 956 3600 noninr's
974 3551 1042 3600 huius

115 3649 171 3682 >rem
190 3630 241 3684 cfr.
259 3631 352 3698 Epist.
372 3634 396 3699 1,
421 3635 462 3699 18,
481 3633 529 3698 313
557 3635 583 3698 6,
602 3633 643 3697 53,
662 3631 711 3683 ubi
730 3633 910 3688 accusativus
928 3633 1041 3687 relativi

115 3714 258 3781 omittitur,
283 3717 472 3769 accusativum
500 3715 712 3768 demonstrativi
739 3717 781 3780 (et
806 3716 854 3768 ubi
883 3717 1041 3785 subjectum

114 3800 209 3864 iusque
224 3800 372 3853 sententiae
382 3799 456 3852 idem
475 3805 520 3851 est
537 3803 567 3850 et
583 3798 631 3850 ubi
650 3802 784 3862 mutetur)
803 3799 902 3853 crebro
922 3801 1048 3855 omittitt·

117 3883 148 3936 P.
167 3887 216 3940 475
245 3884 318 3942 Quem
342 3902 396 3934 vero
413 3885 527 3950 arripuit,
546 3892 605 3933 tenet
622 3882 749 3947 occiditque
767 3883 872 3949 leucarde,
891 3883 985 3950 Epist.
1004 3884 1042 3950 II,

113 3969 157 4024 178
188 3968 260 4026 erern
279 3969 332 4017 tulit
349 3969 384 4017 ad
405 3986 499 4018 scenam
517 3976 609 4017 ventoso
628 3966 706 4033 cloria
722 3984 806 4034 αιττιι,
823 3967 959 4018 Euanimnt
970 3967 1050 4016 larum

109 4038 665 4123 mmfflmummm

872 4137 911 4191 'ld
