2566 4404
307 251 350 303 De
370 252 514 318 infinitivo,
533 252 709 319 imperativo,
727 252 889 321 participio.
1065 258 1124 320 179

72 469 227 532 quumque
251 459 281 516 et
303 454 335 516 in
353 452 489 536 jubendo
519 456 551 517 et
572 455 605 517 in
626 456 756 519 vetando
777 456 961 537 conjunctivi
987 476 1122 535 praesens

70 562 195 639 tempus
217 560 395 641 Imperativo
418 559 588 640 copulative
605 562 788 645 adjungatur
819 563 912 642 (XIV,
940 566 1000 630 196
1011 563 1119 628 Dirae

19 692 23 699 ·
70 662 272 729 Maurorum
294 668 444 747 attentas,
469 671 528 730 ant
544 651 662 747 pares,
686 669 774 748 qaod
793 669 928 734 vendere
944 672 1059 749 possis
1083 720 1089 734 .
1114 721 1120 734 .

69 791 130 835 nee
151 773 280 847 credas,
315 774 390 845 VII,
430 777 485 839 131
512 772 551 838 Si
580 778 610 838 te
640 774 800 839 delectant
825 826 831 839 .
855 780 1120 857 ,9011198131-

68 877 162 954 mito)
186 882 260 943 satis
282 884 418 962 apparet,
444 899 533 961 quarn
556 882 700 946 tenuibus
723 889 778 946 aut
798 883 892 947 nullis
915 884 1025 948 linibus
1048 904 1122 948 usus

67 984 242 1066 imperativi
275 991 307 1050 et
340 987 525 1069 conjunctivi
558 990 717 1070 praesentis
751 991 895 1071 temporis
929 991 1121 1055 distineatur.

67 1091 228 1156 Iuvenalis
260 1096 363 1157 tamen
398 1095 548 1175 usquein
576 1095 707 1177 jubendo
728 1117 828 1179 neque
850 1098 882 1160 in
905 1099 1043 1173 vetando,
1068 1098 1120 1161 ubi
1174 1145 1179 1151 -

17 1194 23 1271 J
65 1217 242 1281 personam,
266 1218 356 1281 quam
380 1201 564 1282 alloquitur,
600 1203 750 1278 nominat,
785 1223 838 1285 pro
869 1205 1049 1285 imperativo
1072 1206 1120 1269 veI

65 1306 171 1370 tuturo
204 1312 308 1400 exacto
343 1327 475 1388 praesens
511 1316 632 1390 tempus
666 1310 829 1374 substituit
861 1330 958 1391 neque
990 1330 1118 1394 usquam

64 1415 210 1509 praesenti
242 1416 314 1478 huic
344 1417 473 1496 tempori
496 1434 676 1496 pronomen,
712 1419 791 1498 quod
815 1420 936 1492 astla,
970 1418 1119 1500 adjungit.

64 1518 118 1582 Sic
150 1526 250 1584 autern
276 1523 399 1586 Persius
433 1524 559 1587 Flaccus
593 1527 624 1586 et
659 1522 804 1587 Horatius
839 1524 980 1588 direrunt
992 1527 1029 1604 1),
1067 1525 1119 1606 qui
1211 1565 1216 1571 -

134 1821 235 1868 caperon
252 1817 393 1857 contemnere
411 1817 495 1874 testes,
515 1808 547 1860 Si
563 1810 672 1858 mortalia
690 1825 755 1858 nemo
773 1808 847 1867 sciat,
866 1805 917 1872 VI,
945 1808 995 1862 469
1013 1807 1119 1872 Propter

134 1889 197 1951 quod
212 1908 288 1940 accam
305 1895 399 1941 conritea
417 1893 493 1943 educit
510 1892 607 1958 asellos,
625 1893 693 1942 Exul
701 1893 879 1958 Hyperboreum
896 1893 920 1940 si
935 1890 1068 1940 dimittatur
1085 1891 1120 1941 ad

133 1989 217 2038 axem,
235 1973 303 2038 XII,
328 1976 361 2030 59
378 1977 473 2042 Dtpia's
491 1996 507 2026 a
524 1987 598 2027 morte
617 1986 717 2027 remotas
740 1976 849 2034 Quataor
866 1984 908 2025 ant
925 1985 1025 2040 septem,
1047 1976 1070 2024 si
1086 1977 1118 2024 ait

133 2055 250 2108 acrama
268 2059 339 2124 tado,
359 2059 420 2126 XII,
439 2060 472 2114 60
490 2060 562 2122 Nunc
579 2062 603 2110 ai
619 2061 748 2126 depositam
766 2079 812 2110 nan
829 2061 944 2125 infitietur·
970 2061 1067 2124 amicas,
1087 2057 1119 2108 Si

132 2142 218 2192 reddat
244 2183 249 2194 .
271 2184 276 2196 .
289 2143 391 2210 follem,
420 2145 571 2210 Prodiqioaa
594 2144 676 2209 fides,
706 2158 760 2208 quo
790 2144 853 2195 loco
880 2142 996 2196 verbum
1024 2142 1115 2196 subst.

133 2227 266 2279 omissum
285 2236 336 2280 est.
383 2228 532 2281 Sententia
551 2227 721 2280 secundaria
739 2227 783 2279 his
804 2226 875 2279 Iocis
894 2243 950 2280 non
970 2232 1027 2279 tam
1047 2242 1115 2279 con·

132 2309 278 2375 dicionem,
291 2314 336 2364 cui
350 2311 486 2365 satisfieri
497 2312 610 2378 debeat,
622 2311 727 2364 actioni
736 2310 878 2378 primariae
887 2309 1024 2378 adjungit,
1034 2324 1116 2374 quam

131 2393 168 2456 id,
179 2396 253 2460 quod
261 2397 391 2450 universe
400 2396 504 2450 dictum
513 2396 743 2462 est,restringens
754 2395 974 2459 certiusdefinit,
984 2409 1038 2459 quo
1047 2394 1115 2447 ficto

131 2483 208 2532 statu
223 2480 344 2534 intrante
364 2482 470 2535 veritas
493 2482 642 2534 sententies
659 2480 874 2545 demonstretur,
887 2479 932 2532 vel
946 2478 1057 2546 judicio
1068 2493 1115 2546 ge·

115 2620 118 2627 ‚
129 2563 219 2616 uenali
231 2565 422 2619 condicionem
434 2565 572 2632 adjungit,
585 2564 630 2616 cui
646 2563 879 2618 satisfaciendum
890 2563 936 2619 sit.
956 2563 1018 2616 Huc
1029 2563 1114 2616 etiam

126 2647 395 2716 Iocustrahidebet,
414 2651 461 2715 qui
481 2651 569 2703 insat.
580 2648 646 2700 VIII
665 2664 715 2701 av.
725 2647 901 2714 adlegitur:
920 2647 1043 2698 Nodosam
1060 2657 1114 2713 poet

21 2732 25 2737 ’
126 2733 178 2785 toec
186 2736 325 2800 franpebat
342 2737 430 2784 vertice
448 2737 528 2800 vitem,
558 2733 589 2784 Si
606 2735 682 2784 lentas
696 2735 772 2799 pipra
789 2734 889 2783 muniret
906 2741 988 2782 castra
1007 2733 1109 2783 dolabra

128 2816 245 2884 [nullum
268 2819 361 2871 simile
382 2819 542 2886 exemplum
568 2815 687 2886 exstat]‚
715 2832 778 2869 nam
805 2816 952 2869 JuvenaIIs
981 2818 1111 2883 conjunc·

126 2901 212 2955 tivum
238 2905 370 2971 repetitae
393 2904 515 2957 cottonis
535 2901 688 2972 particulis
706 2903 738 2964 ai,
759 2919 841 2966 qaam,
869 2903 956 2965 quarta
974 2915 1112 2966 nusquam
1133 2913 1137 2921 ·

126 2987 265 3052 adjunxit.
314 2988 395 3055 Quod
425 2989 460 3041 ad
479 2995 533 3043 sat.
545 2987 615 3040 VIII
626 3003 650 3038 v.
662 2988 711 3042 169
722 2986 835 3039 attlnet:
860 2984 926 3042 Quid
933 2987 1022 3049 saetas
1040 2986 1110 3035 talem

24 3108 28 3114 .
125 3074 237 3138 sortitus,
256 3075 494 3140 Pontica-servam?
530 3072 620 3137 Nempe
643 3074 668 3122 in
686 3072 799 3122 Lucanos
826 3080 868 3119 ant
890 3069 915 3118 T
912 3086 970 3119 asca
988 3069 1112 3134 eryastala

85 3185 89 3190 -
124 3157 217 3221 mittas,
247 3157 370 3210 conferri
393 3164 495 3225 potest
513 3157 595 3209 Iocus
614 3156 725 3208 Horatii
746 3160 809 3218 (sat.
829 3152 855 3205 I.
876 3156 904 3219 l,
923 3154 966 3217 63)
991 3151 1056 3209 Quid
1063 3154 1110 3216 sa-

124 3242 175 3291 ctas
203 3243 259 3292 illie
296 3243 388 3293 Jnteas
415 3244 525 3292 miseram
544 3259 602 3294 ease.
639 3239 718 3293 Talis
746 3253 811 3291 vero
831 3238 925 3302 Iocus,
955 3236 1046 3300 qualis
1066 3242 1110 3287 est

125 3325 186 3392 (Vl,
214 3327 291 3393 503):
322 3327 511 3377 Andromachen
534 3344 551 3375 a
560 3328 645 3390 srontc
663 3325 764 3390 videtis,
788 3333 843 3389 post
860 3322 936 3372 minor
953 3330 997 3386 est,
1024 3321 1109 3370 credas
1174 3377 1176 3381 ¹

123 3411 208 3474 aliam,
228 3412 299 3464 satis
320 3410 455 3475 ostendit,
476 3424 558 3475 quam
577 3409 672 3461 facilis
692 3408 829 3461 transitus
849 3405 883 3458 ab
902 3403 1047 3457 indicatIvi
1066 3405 1110 3456 l'u-

125 3499 188 3548 turo
208 3495 243 3547 ad
263 3494 438 3560 conjunctim
457 3508 585 3560 praesens
605 3499 716 3559 tempus
736 3494 782 3543 sIt.

83 3579 102 3642 ¹Jl
121 3579 167 3632 Sic
185 3582 265 3632 Pers.
286 3578 319 3644 V,
341 3581 390 3634 157
412 3578 465 3629 Nec
490 3590 513 3627 ta
532 3579 613 3643 dicas3
642 3575 791 3629 Hor.·Sat.
813 3575 903 3640 11‚3,
932 3576 981 3630 324
1005 3575 1106 3626 Teneas.

122 3665 282 3730 Damasippe,
302 3667 348 3713 tais
367 3662 451 3714 tecfr.
465 3662 501 3726 ll,
522 3664 546 3726 I,
567 3665 591 3715 5.
629 3659 711 3727 Apud
722 3659 851 3711 Persium
869 3658 897 3709 in
919 3665 972 3712 sat.
987 3658 1044 3711 Vv.
1057 3660 1106 3714 lto

127 3748 187 3800 Tan’
205 3767 271 3798 mare
289 3749 432 3799 transilias?
462 3745 575 3799 codices
595 3745 677 3796 etiam
701 3744 738 3794 Ta
761 3761 827 3793 mare
845 3744 971 3794 transilias
990 3743 1104 3795 habent.

123 3833 169 3887 Sic
187 3834 309 3887 fortasse
330 3831 479 3898 legendum
505 3836 563 3892 est,
591 3834 619 3881 et
642 3828 688 3881 hic
707 3827 900 3895 conjunctivus
918 3827 1101 3893 imperativus

122 3916 306 3983 sequentibus
333 3915 515 3982 imperativis
544 3913 742 3981 proemittitur:
770 3912 871 3977 Indalpe
887 3913 955 3977 penio
974 3913 1011 3976 (v.
1033 3913 1102 3976 151),

128 4003 184 4054 Vive
201 4019 286 4052 mentor
306 4002 346 4052 leti
364 4003 398 4065 (v.
420 4001 489 4066 153),
508 3998 562 4049 Nec
582 3999 638 4048 dias
659 3998 698 4064 (V.
718 3999 787 4062 157).
827 3996 859 4048 In
878 4000 924 4048 sat
941 3994 964 4045 V
983 4011 1008 4046 v.
1038 3997 1101 4049 lot:

11 4132 17 4147 ,
118 4087 202 4154 Dave,
228 4089 287 4151 cito,
308 4087 351 4135 tac
372 4084 471 4147 credas)
486 4086 567 4148 jubeo,
585 4085 665 4148 finere
687 4083 779 4133 dolores
798 4081 913 4145 Meditor,
934 4092 1100 4143 quamquam

902 4164 955 4218 It*
