2566 4404
367 204 410 257 De
430 203 578 272 particulis
598 203 774 270 copulativis.
1046 206 1087 271 89

123 408 211 471 ooder
233 407 420 471 Pithoeanus
443 409 644 471 contractum
678 406 777 485 habet,
814 407 958 470 mendum
990 407 1087 471 latere

123 516 151 591 vt,
174 532 245 577 nam
267 515 304 577 de
325 516 416 595 ponte
437 514 469 578 in
491 513 690 595 Hellesponto
713 513 821 596 juncto
843 532 944 578 sermo
966 517 1023 590 est,
1057 517 1089 579 et
1145 556 1150 564 -

123 640 185 685 ›ons
207 621 325 686 Athoni
346 621 481 703 perfosso
504 620 673 702 opponitur,
707 620 760 684 sed
790 637 874 683 mare
897 623 1088 685 constratum

123 747 196 792 nare
217 746 328 810 magna
349 729 472 791 navium
495 726 692 791 multitudine
715 729 865 808 opertum,
899 745 996 809 neque
1020 745 1087 791 ver·
1207 731 1212 740 '

135 835 349 900 consternendi
372 837 409 899 de
432 839 522 917 ponte
540 835 697 917 jungendo
720 833 790 915 poni
815 833 893 897 solet
915 833 1007 915 (apud
1021 833 1089 898 an-

123 962 141 1005 n
163 941 197 1005 in
219 941 382 1008 bellGall.
406 943 427 1005 l.
449 941 534 1023 v111,
563 962 588 1004 o.
605 945 651 1016 14,
676 945 697 1006 4
718 941 770 1005 ubi
786 941 946 1021 pontibus
961 940 1089 1021 palude

122 1051 209 1112 trata
230 1050 354 1132 legitur,
376 1050 434 1113 hoe
456 1049 580 1112 verbum
603 1048 640 1111 de
654 1049 744 1112 robus
756 1048 884 1130 singulis
896 1047 1088 1131 dissipandis,

122 1175 151 1219 us
173 1156 286 1238 aliquid
309 1156 472 1239 obtegitur,
503 1158 585 1218 reete
606 1155 747 1238 dicitur).
781 1175 840 1238 qua
868 1155 1088 1239 significatione

123 1263 222 1327 solum
242 1264 393 1345 pedestris
415 1263 559 1327 orationis
574 1263 855 1343 soriptomsverum
880 1262 976 1327 etiam
989 1265 1089 1343 poetae
1110 1255 1114 1262 ’

122 1369 196 1452 rendi
231 1371 359 1435 verbum
391 1388 502 1452 ponere
536 1369 644 1441 solent,
668 1375 698 1433 et
721 1371 758 1433 de
780 1371 846 1451 ipso
867 1369 975 1434 Xerxis
997 1372 1090 1450 ponte

123 1476 250 1541 verbum
272 1479 320 1541 ter
337 1467 473 1558 'positum
504 1477 674 1540 invenitur:
708 1478 786 1558 apud
809 1477 886 1540 Insl.
909 1477 950 1548 Il,
976 1479 1024 1554 10,
1048 1479 1089 1542 24

121 1581 200 1646 darn
231 1585 341 1646 rnurr'a
367 1584 526 1664 pontibus
558 1584 723 1647 sternebat
730 1604 741 1662 ;
778 1584 899 1647 Lucret.
923 1584 978 1660 ΙΙΙ,
1008 1586 1089 1649 1043

121 1710 143 1752 n
164 1691 221 1770 qur'
238 1690 401 1770 quondan
418 1711 482 1771 per
504 1711 596 1755 ruore
610 1690 915 1774 nrupnurnstruor't;
938 1688 1039 1763 Sidon,
1052 1689 1089 1766 V,

120 1815 170 1860 rea
195 1797 352 1861 tumidas
393 1819 489 1880 quum
528 1791 687 1862 sterneret
717 1798 836 1862 undas.
897 1797 966 1860 Non
1000 1796 1089 1878 panai

120 1922 160 1967 ros
195 1923 247 1985 pro
283 1910 485 1969 construitura
517 1907 631 1971 habent
664 1925 763 1985 quurn
792 1908 935 1968 atratum
991 1902 1022 1967 Si
1045 1903 1089 1966 sio

119 2029 188 2087 nus,
223 2030 345 2087 caussa,
383 2033 436 2076 cnr·
469 2014 612 2078 ereditur
645 2033 698 2094 per
731 2012 892 2076 oredr'neus
924 2012 1089 2092 repetatur,

120 2121 174 2193 rel,
197 2123 292 2199 epota
306 2119 452 2202 flumina
474 2123 506 2184 et
521 2141 592 2201 quoe
605 2120 777 2185 Sostratus
799 2123 912 2183 euntat
925 2104 1091 2182 ⁸mendacia

118 2225 265 2298 arefiunt,
289 2227 356 2290 haee
377 2228 545 2309 posteriora
566 2228 658 2291 verba
680 2247 748 2291 cum
773 2227 976 2309 superioribus
1000 2224 1090 2305 quid-

118 2333 123 2391 l
148 2332 278 2397 &reatu
299 2334 439 2398 meudun
462 2334 560 2398 nudet
576 2335 613 2398 in
625 2335 756 2417 gratiam
768 2335 904 2406 redeunt,
926 2337 1014 2414 poeta
1038 2334 1091 2397 de·

118 2460 134 2503 e
167 2441 265 2522 ipsam
298 2441 518 2522 expeditionem
553 2443 665 2506 factam
700 2459 772 2508 esse
800 2459 859 2505 non
892 2443 1000 2523 negat,
1038 2440 1091 2504 sed

117 2567 155 2611 as
177 2547 248 2611 illas
271 2547 398 2623 tabulae,
421 2568 488 2630 qure
511 2549 606 2617 daeo
628 2548 811 2612 ferebantur.
835 2548 959 2622 deridet,
984 2547 1091 2628 etipsa

116 2655 192 2722 ditio
213 2654 320 2730 verbio,
343 2658 499 2736 quaesunt
521 2675 620 2735 quarn
641 2658 784 2719 strutune
807 2654 968 2719 etuoau'bus
991 2654 1091 2717 todem

116 2762 319 2842 posituraque
340 2763 423 2826 rotis
444 2762 585 2826 solitura
606 2783 704 2841 ruere,
729 2759 915 2845 exprimitur.

129 2870 166 2933 In
189 2869 280 2932 satira
304 2869 492 2943 duodecima,
526 2870 577 2934 ubi
606 2874 698 2951 poeta
720 2869 834 2934 Catulli
856 2870 887 2932 in
911 2868 989 2932 mari
1012 2867 1093 2949 peri-

115 2995 147 3040 m
180 2975 338 3063 describit,¹
368 2994 457 3058 quem
490 2977 590 3040 loeum
617 2977 734 3058 primus
756 2977 893 3041 omnium
915 2973 1092 3055 Madvigius

115 3084 204 3162 ravit,
227 3082 293 3146 haee
314 3102 333 3147 a
356 3104 383 3147 v.
395 3087 437 3147 30
458 3083 573 3164 scripta
596 3087 682 3148 sunt:

115 3200 217 3315 Quurn
232 3233 355 3314 plenus
369 3235 476 3318 fluctu
498 3235 623 3299 rnediue
642 3234 729 3317 foret
751 3232 863 3298 atreus
886 3237 926 3308 et,
943 3234 1018 3314 juna

115 3341 282 3405 Alternum
298 3343 425 3423 puppis
448 3341 537 3406 tutus
559 3343 773 3408 evertentibus
794 3341 896 3405 undis·

114 3449 249 3513 Arboris
270 3451 409 3526 r'neertce,
433 3449 559 3514 nuttaru
575 3450 757 3531 prudentia
780 3449 856 3514 eant
867 3498 875 3513 .
888 3498 916 3512 ..

113 3619 286 3701 Madvigius
299 3618 460 3683 Schmidtii
481 3619 707 3684 distinctionem
731 3640 765 3684 ex
787 3638 879 3702 prava
902 3618 1092 3682 enarratione

113 3729 215 3791 'eatam
238 3728 365 3790 laudans
388 3727 577 3790 scribendum
602 3745 668 3790 esse
691 3729 803 3790 censet.
847 3728 882 3790 In
905 3725 1093 3789 vexatissimi

112 3853 136 3898 rs
169 3833 227 3897 loei
252 3835 440 3898 enarratione
464 3833 618 3914 Madvigio
640 3836 722 3898 certe
745 3834 1014 3915 obtemperandum
1037 3834 1093 3907 est,

111 3941 153 4024 lui
176 3941 345 4023 opinionem
370 3941 435 4005 eius
458 3940 595 4004 refellere
618 3942 771 4015 conantur,
804 3940 881 4004 nihil
905 3942 1008 4022 agunt,
1040 3937 1094 4000 sed

110 4048 201 4112 inotio
224 4046 385 4112 Sabmidtii
414 4047 636 4112 dubitationem
657 4051 765 4127 movet,
790 4050 822 4111 et
844 4066 928 4129 paene
951 4045 1100 4130 adducor,¹
