2566 4404
122 210 165 273 46
404 205 446 257 De
464 205 598 258 liberiore
618 204 764 257 verberum
781 204 892 272 positu.

123 409 267 474 scendere
299 408 447 491 potuisse,
481 409 588 473 deinde
610 427 681 473 eum
701 409 747 473 ita
770 427 938 492 pugnasse,
973 413 1010 475 ut
1042 409 1152 492 insignis

123 535 179 581 sua
200 516 355 580 retineret
403 515 518 580 Salium
540 516 574 580 in
595 535 686 580 arena
706 520 895 598 pugnantem
916 536 1071 600 nusquam
1090 536 1155 582 oon·

122 623 289 687 memorari
312 626 344 688 et
366 623 585 688 dubitationem
608 642 728 688 movere
750 624 899 699 coneedit,
928 628 1069 690 cetemm
1094 624 1156 689 silet

122 731 208 796 Tota
229 731 326 813 igitur
347 730 582 813 argumentatio,
604 730 882 813 quaeinadjeclivo,
906 733 990 813 quod
1008 737 1158 808 estuaret,

123 857 192 903 cum
220 838 410 902 substantivo
432 839 546 901 tunica
568 838 646 902 falso
666 839 827 922 conjuncto
849 839 954 920 posita
976 843 1034 917 est,
1067 839 1159 904 tunde

123 944 235 1009 mentis
257 944 371 1008 eversis
392 946 464 1009 ruit.
507 945 589 1023 Quid
611 962 698 1027 porro
719 950 766 1010 cst
792 945 884 1010 illud:
922 945 1105 1011 Credamus
1123 950 1160 1009 te

121 1053 221 1128 sicce,
261 1072 361 1135 qaum
396 1072 499 1116 auree
533 1053 628 1134 spira
664 1051 759 1134 leupo
801 1051 917 1134 palere
948 1055 1106 1136 jactetur,
1140 1053 1160 1119 si

122 1159 204 1241 spira
227 1162 275 1223 est
295 1161 391 1224 nodus
414 1160 536 1232 vinculi,
558 1161 639 1242 quod
659 1161 797 1242 galerum
819 1161 989 1243 astringit?
1033 1162 1093 1242 Qui
1123 1164 1177 1226 est,

123 1265 241 1348 tenpus
260 1265 417 1347 peleos?
462 1267 544 1331 Num
576 1271 666 1349 poeta
698 1268 742 1331 sic
779 1268 891 1331 dixisse
922 1273 1053 1350 potest?
1095 1267 1161 1350 Quid
1191 1272 1194 1325 Ι

122 1374 218 1438 illud:
244 1371 423 1438 Credamus
445 1376 572 1449 tunice,
593 1395 693 1458 qaum
712 1394 748 1439 se
769 1374 809 1439 de
821 1374 985 1459 faucibus
993 1373 1160 1460 pompat?

124 1482 207 1546 Num
240 1484 330 1563 poeta
363 1483 408 1546 sic
440 1482 577 1546 tunicam
609 1482 736 1546 solemni
764 1484 854 1548 modo
883 1503 996 1566 corpus
1018 1487 1160 1569 tegentem
1192 1484 1194 1567 j

122 1589 305 1671 descripsit?
326 1608 400 1652 num
422 1589 558 1653 tunicam
579 1594 660 1653 retro
682 1594 803 1673 atergo
825 1590 1031 1657 fluctuantem
1040 1592 1160 1674 intelligi
1190 1586 1194 1729 1

124 1698 211 1761 vult?
244 1696 345 1774 Quum
358 1697 487 1778 denique
499 1698 608 1761 verba:
629 1697 754 1760 nedum
775 1697 820 1760 ud
839 1699 1030 1778 spectacula
1050 1700 1160 1763 suiten

2 1869 4 1871 ,
122 1803 235 1886 Eripit
257 1805 287 1867 et
310 1807 378 1865 toto
392 1802 486 1887 sepit
514 1804 800 1886 agnoscendus
822 1824 938 1869 orena-
956 1824 1063 1872 omnes
1085 1825 1158 1888 spec·

122 1914 235 1976 latores
259 1909 390 1977 Gracchi
412 1910 522 1975 faciem
543 1929 704 1993 agnoscere
726 1930 816 1993 posse
846 1914 959 1990 dicent,
994 1933 1091 1979 nonne
1120 1930 1156 1976 se·

122 2020 246 2102 quentia
269 2018 371 2082 uerba:
399 2017 719 2119 Credamustunc'coe
739 2037 816 2102 sqq,
845 2019 957 2102 quibus
990 2023 1100 2086 tunieae
1118 2020 1155 2083 in·

122 2129 214 2191 certae
236 2127 335 2208 magis
358 2144 449 2208 quam
471 2124 560 2189 faciei
582 2128 674 2189 certae
695 2127 777 2190 credi
798 2145 888 2208 posse
913 2127 1075 2201 indicatur,
1093 2127 1153 2191 mire

121 2234 278 2317 languent,
301 2238 332 2296 et
352 2236 443 2314 poeta
463 2232 573 2317 melius
596 2233 652 2297 hoc
680 2234 821 2298 dixisset:
844 2236 1040 2317 agnoscimus
1062 2234 1151 2299 facien

123 2341 266 2415 Gracchi;
290 2342 448 2404 credamus
470 2340 574 2422 igitur,
605 2359 674 2404 eum
698 2343 832 2406 tunicam
854 2342 972 2407 retiarii
995 2343 1085 2408 nobili
1106 2343 1149 2404 lio

120 2467 210 2513 mano
231 2447 388 2530 indignam
412 2447 577 2529 sumpsisse
600 2451 632 2511 et
652 2449 685 2511 in
708 2468 832 2514 arenam
854 2451 1055 2516 descendisse.
1098 2446 1148 2510 Hoc

121 2559 224 2619 autem
248 2559 337 2637 poete
360 2573 392 2618 re
413 2573 485 2618 vera
506 2554 589 2630 dixit,
623 2560 655 2618 et
687 2557 731 2620 sio
761 2558 853 2620 etiam
874 2561 964 2623 vetus
987 2557 1146 2623 scholiastes

120 2662 222 2726 locum
243 2662 393 2742 accepisse
416 2662 543 2726 videtur.
577 2663 688 2727 Scribit
709 2664 808 2727 euim:
833 2664 1014 2729 »Tunicam
1036 2665 1073 2728 de
1084 2660 1144 2746 fae

121 2769 211 2834 cibes
242 2768 365 2849 quidam
397 2777 512 2832 vestem
544 2769 756 2851 gladiatoriam
790 2772 912 2846 dieunt,
951 2792 1043 2855 quam
1074 2766 1144 2835 fibula

120 2875 304 2960 pugnaturis
326 2876 444 2939 mordet
466 2894 484 2940 a
506 2875 674 2958 faucibus,
704 2886 735 2942 et
765 2878 914 2959 peterem
947 2881 992 2945 sic
1013 2881 1089 2944 iden
1109 2874 1144 2938 de

120 2985 246 3050 scribit:
285 2986 351 3047 »est
373 2983 499 3046 humere
521 2984 696 3066 impositum
719 2986 896 3068 gladiatoris
918 2987 1088 3052 huiusmodi
1105 2977 1144 3045 ali·

120 3093 203 3175 quid,
240 3109 299 3173 quo
320 3091 411 3155 eitius
434 3109 570 3172 sparsum
594 3090 696 3155 funem
731 3094 779 3157 uel
804 3095 953 3177 J'actstsm
977 3096 1082 3160 retiam
1100 3085 1144 3154 eol·

118 3200 235 3283 ligat«,
270 3216 361 3281 quam
394 3199 476 3262 vocis
509 3198 759 3281 significationem
792 3202 974 3265 'confirmans
1003 3195 1144 3268 carrucis

120 3308 202 3382 dicit,
224 3306 361 3390 galerum
385 3324 451 3369 esse
474 3307 622 3370 manicam
645 3325 662 3370 e
683 3307 763 3370 corio
785 3307 835 3372 vel
866 3328 925 3372 aere
949 3310 1071 3385 factam,
1101 3312 1143 3386 qli

120 3414 238 3479 retiarii
261 3413 420 3478 sinistrum
441 3412 614 3477 bracchium
636 3417 799 3496 tegeretur,
818 3433 944 3498 quaeque
957 3435 1049 3499 supra
1060 3417 1145 3480 hune

121 3542 191 3587 rum
219 3526 359 3586 exstaret.
404 3521 490 3586 idem
513 3522 624 3603 spiram
646 3522 733 3585 docet
754 3540 815 3585 non
837 3522 930 3587 fuisse
953 3525 1065 3608 nodum
1087 3511 1147 3585 funi·

86 3656 92 3668 ·
120 3629 191 3708 culi,
215 3646 274 3712 quo
296 3633 441 3711 tegumen
463 3629 571 3711 capitis
589 3629 758 3693 submonte
771 3631 1000 3713 astringeretur,
1023 3632 1074 3696 sed
1088 3617 1147 3692 funi·

110 3736 222 3802 'culum
243 3736 466 3820 gladiatorium,
499 3737 552 3818 qui
584 3737 614 3799 in
649 3737 744 3818 signis
778 3739 870 3820 atque
900 3738 1015 3802 tabulis
1037 3736 1147 3821 pistica

119 3844 243 3909 sinistro
258 3845 384 3907 humero
406 3844 444 3907 ed
466 3844 601 3906 dextram
624 3861 726 3906 coxam
751 3844 990 3909 circumcurrens
1013 3853 1044 3909 el
1066 3833 1145 3908 maui-

117 3971 184 4017 cam
206 3971 276 4016 cum
299 3951 397 4015 balteo
420 3949 604 4034 conjungens
625 3951 718 4015 videri
740 3953 845 4033 possit.
891 3951 978 4031 Quod
1000 3954 1038 4017 ad
1053 3956 1144 4017 vocum
