2566 4404
112 202 173 265 160
553 197 596 249 De
614 196 721 264 ellipsi.
750 168 753 173 ι

109 399 172 463 sae
211 399 244 462 n
276 400 325 463 ns
354 400 493 464 somnus
524 400 625 464 nun
663 399 820 474 neamus,
857 403 891 463 u
921 398 1028 463 mnus
1056 380 1165 461 mus'

109 505 211 570 locum
235 508 398 572 emendare
419 507 522 571 musti
543 509 625 571 sunt
669 505 837 588 Rupertius
858 524 965 572 versus
991 505 1137 574 587-588
1183 520 1186 527 “

112 633 168 678 »ue
189 616 280 695 poete
300 615 340 677 ad
361 613 497 696 plebeias
517 613 661 677 mulieres
682 613 787 677 redeat
808 616 842 678 et
859 614 969 678 ndum
989 613 1050 677 tere
1068 627 1137 693 repe

109 723 173 784 tat«
209 724 279 802 post
308 742 336 785 u.
359 723 419 787 581
456 720 627 794 interserit3
652 719 847 784 Heinrichius
869 720 950 783 nihil
978 718 1150 784 mutandum-

112 845 178 891 essc
212 828 317 891 diceus
346 832 468 910 poetam
500 846 607 893 uersus
635 827 738 909 paullo
758 826 950 908 implicatius
971 825 1141 891 distribuisse

110 935 259 998 concedit.
302 934 385 1013 Quid
407 934 523 998 turbati
543 933 628 1010 insit,
649 933 827 998 videamus·
859 934 974 1012 Poeta,
1000 936 1142 1015 pastum

110 1041 300 1105 mediocrem
321 1041 466 1105 feminam
488 1041 522 1104 iu
534 1042 637 1116 ,eirca
659 1040 776 1104 diuites
794 1039 924 1104 feminas
946 1039 1030 1105 domi
1049 1055 1142 1103 censu·

110 1148 174 1211 lere
197 1148 281 1228 dixit,
305 1149 381 1211 mire
397 1147 547 1228 plebeius
568 1148 698 1211 feminas
719 1149 752 1210 in
773 1148 881 1211 eodem
897 1147 984 1211 circo
1006 1144 1143 1211 musulere

110 1255 208 1334 addit,
244 1260 277 1319 et
297 1255 430 1319 diuitem
450 1273 621 1337 cauponam
642 1256 675 1318 in
696 1255 781 1318 circo
802 1254 1016 1318 consulentem
1035 1249 1145 1320 inducit

113 1379 173 1442 quo
195 1362 299 1425 ordine
322 1366 450 1435 servato,
474 1347 546 1443 qnia
566 1363 663 1425 altera
684 1360 867 1425 feminarum
896 1360 930 1423 in
952 1361 1031 1424 circo
1052 1374 1146 1423 ceusu

112 1468 241 1532 lentium
264 1469 513 1533 commemoratio
535 1467 698 1549 plebeium
720 1470 757 1532 in
783 1468 869 1532 circo
884 1467 1001 1551 fatum
1021 1471 1060 1543 (v.
1081 1461 1146 1541 588)

112 1594 171 1638 non
196 1575 292 1639 solum
316 1575 453 1638 diuitum
475 1575 652 1639 domesticis
673 1575 948 1639 consultationibus
960 1575 1083 1650 (uidi)
1102 1567 1146 1634 sed

112 1681 284 1745 mediocris
295 1701 414 1764 quoque
426 1681 548 1746 feminea
562 1681 597 1745 in
607 1683 715 1745 eodem
724 1683 802 1745 circo
814 1680 1030 1745 consultationi
1038 1678 1149 1761 (veen
1163 1734 1168 1748 .

113 1790 297 1853 contraitum
330 1790 429 1871 ponit,
462 1808 567 1852 versus
599 1790 690 1852 modo
723 1789 768 1852 sic
800 1787 934 1852 enarrari
956 1789 1089 1869 possunt
1117 1782 1147 1845 ut

113 1899 294 1976 statuamus,
323 1895 513 1960 mediocrem
535 1896 680 1960 feminam
701 1916 730 1960 v.
754 1897 818 1962 582
839 1899 872 1959 et
893 1895 1012 1958 diuites
1031 1891 1147 1956 feminee

114 2024 141 2067 v.
165 2007 237 2080 588,
260 2023 329 2084 quae
345 2000 486 2083 plebeiis
507 2003 666 2067 contrariae
688 2006 852 2085 ponentur,
885 2001 1004 2065 nobiles
1025 2018 1089 2064 esse
1108 1997 1123 2060 f
1135 2029 1147 2043 ·

115 2111 228 2189 urinas,
251 2128 381 2190 querum
403 2108 472 2186 illa,
501 2109 572 2191 quia
594 2109 734 2173 conducti
757 2109 895 2190 Phryges
917 2114 950 2171 et
971 2105 1039 2170 Indi
1050 2118 1146 2186 megae

116 2218 272 2296 steterint,
307 2219 337 2279 in
362 2217 458 2290 circo,
496 2218 544 2279 hac
575 2216 657 2279 domi
684 2215 899 2279 consuluerint
943 2211 1005 2277 Sed
1030 2210 1145 2276 nobilem

115 2323 325 2404 poppysmatis
357 2323 454 2404 pretio
487 2323 518 2385 in
550 2321 628 2386 circo
650 2321 854 2398 cousuluisse,
887 2322 981 2402 poeta
1007 2320 1054 2384 vir
1075 2315 1146 2389 dixit,

113 2447 210 2510 neque
233 2430 278 2492 sic
300 2448 366 2511 quae
389 2430 511 2493 turbata
543 2432 615 2492 sunt
636 2429 669 2491 in
690 2427 827 2492 ordinem
848 2427 1038 2508 rediguntur.
1064 2421 1144 2486 liel-

114 2534 213 2598 lcnius
235 2536 326 2599 aliam
351 2538 510 2600 enarrandi
533 2536 613 2599 viam
635 2537 790 2617 ingressus
812 2534 987 2598 mediocres
1014 2552 1071 2597 non
1090 2545 1144 2592 esse

115 2642 216 2706 minus
239 2643 349 2705 divites
371 2643 428 2719 rel,
452 2644 533 2725 quod
555 2642 734 2706 scholiastes
756 2640 839 2717 velit,
860 2659 1008 2723 pauperes
1032 2637 1144 2703 feminae

114 2748 168 2811 sed
185 2749 337 2822 mulieres,
361 2768 430 2829 quac
444 2749 641 2830 astrologiam
662 2747 797 2829 coelique
818 2747 951 2813 rationes
973 2742 1142 2811 mediocriter

115 2856 252 2935 cognitas
263 2855 405 2932 habeant,
430 2857 635 2920 demonstrare
653 2856 729 2918 mire
747 2859 880 2918 conatur.
910 2854 987 2918 Haec
1004 2852 1140 2917 verbone

116 2963 266 3024 enarratio
300 2964 396 3045 accipi
425 2985 484 3029 non
513 2964 626 3043 potest,
668 2980 739 3024 nam
767 2961 968 3043 adjectivum,
1005 2959 1080 3041 quud
1107 2953 1140 3016 eti

114 3067 299 3144 mediocria,
334 3073 399 3136 sinc
422 3073 485 3135 ullo
508 3070 713 3135 additamento
736 3068 869 3149 positum
889 3067 971 3132 idem
1001 3059 1140 3149 significet

115 3177 207 3256 atque
228 3177 262 3239 in
283 3179 383 3241 satirae
407 3175 521 3257 quintae
544 3194 571 3238 v.
598 3179 657 3243 108
685 3175 802 3257 (Nemo
817 3177 913 3255 petit,
935 3174 1067 3240 modieis
1086 3179 1141 3252 pue

118 3283 331 3348 mittebantur
353 3284 469 3348 amieis
492 3303 513 3346 n
537 3282 672 3366 Sereeeu)
696 3284 878 3366 adjectivum
900 3273 1151 3356 madianitin
1176 3362 1182 3375 ν

116 3392 173 3452 sat
185 3390 231 3452 XI
243 3411 270 3455 v.
288 3395 356 3466 lli,
379 3392 431 3455 ubi
453 3395 542 3473 poete
552 3391 686 3472 pytisma
698 3390 829 3454 divitum
840 3391 966 3464 deridet
988 3388 1153 3455 medicor&

116 3493 263 3560 divitibus
290 3497 432 3560 contrarii
458 3503 626 3579 ponuntur:
663 3497 815 3578 Namque
845 3497 893 3561 iti
926 3498 1019 3580 (apud
1041 3491 1173 3564 nnus)

109 3599 398 3683 forianensecium
410 3603 546 3667 dumus:
570 3603 644 3669 ulcu
662 3607 779 3688 turpis,
804 3602 1186 3686 Turpeetudutteriurr

116 3708 336 3773 mediocribus.
385 3711 553 3777 hlcdiocres
575 3716 652 3778 suut
677 3713 773 3795 igitur
794 3731 942 3795 pauperes
966 3717 998 3777 et
1019 3714 1077 3776 hoc
1095 3710 1186 3774 loco·

117 3834 264 3898 pauperes
306 3836 341 3880 ex
374 3816 471 3898 plebe.
543 3820 709 3902 Rupertius
748 3838 853 3884 versus
891 3821 1060 3887 nec-587
1093 3820 1186 3883 antea

116 3941 239 3987 versum
254 3926 317 3988 582
329 3927 529 4005 transponens
550 3925 632 3989 nihil
652 3925 788 4008 profecit,
810 3945 881 3990 nam
904 3927 949 3991 sic
965 3946 1083 4009 quoque
1098 3941 1186 3991 me*

117 4029 227 4096 diociis
248 4028 364 4095 femina
383 4030 504 4114 plebeio
515 4029 622 4096 latoio
644 4033 787 4112 spuitur„
804 4033 835 4093 si
852 4036 996 4110 sumtum
1021 4052 1157 4115 assump-
