2566 4404
124 219 161 283 lO
402 238 405 243 ·
503 216 544 268 De
565 215 645 268 metri
664 216 783 270 ratione.

88 415 90 420 ’
120 419 238 498 turbat,
261 419 339 484 Mar
347 419 385 484 bo
410 405 522 506 deficit,
541 421 646 485 caitus
669 421 720 485 bic
743 425 805 498 eoi)
828 423 880 498 sed
902 422 997 486 iniis
1019 422 1165 486 adverbiis

120 545 238 611 quoque
267 528 298 591 iu
322 548 339 593 o
363 527 550 608 exeuntibus,
593 549 660 612 quae
692 529 791 593 etiam*
813 531 894 611 apud
920 530 1037 611 priores
1065 533 1181 611 poetas.

120 635 248 701 alteram
272 636 420 719 syllabam
446 638 564 701 brevem
586 639 738 702 interdum
755 637 868 701 habent
879 638 1005 718 (porro,
1028 637 1163 718 quondo,

119 762 202 825 erpo,
226 762 308 818 sero,
330 744 452 826 immo),
476 744 573 809 brevis
607 763 726 826 semper
749 749 804 821 est,
822 749 853 808 et
875 746 964 809 modo
986 746 1020 808 in
1041 748 1099 809 sat
1120 744 1164 808 lll

119 871 147 916 v.
161 854 216 919 281
238 851 388 935 particula
402 838 485 933 erpo¹
499 852 630 933 primum
653 871 758 916 versus
779 854 886 934 pedem
909 854 1032 917 format
1069 854 1163 917 Inter·

120 959 192 1023 dum
227 976 297 1024 vero
326 959 357 1022 in
389 976 504 1022 casura
532 958 589 1034 vel,
623 960 702 1041 quod
732 960 1034 1024 animadvertendum
1061 964 1161 1025 estet

118 1067 256 1148 eumilo,
291 1085 358 1148 quoe
387 1084 477 1148 supra
498 1067 534 1130 de
555 1067 665 1130 iisdem
688 1068 813 1148 pedibus
836 1068 975 1139 diximus,
1009 1068 1160 1132 conferen-

118 1174 199 1251 dum,
223 1174 253 1237 in
276 1174 335 1238 arsi
365 1172 502 1238 alterius
523 1173 571 1238 vel
592 1173 701 1237 ultimi
722 1175 807 1257 pedis
829 1175 948 1257 syllaba
969 1176 1002 1239 in
1025 1196 1042 1240 o
1065 1177 1160 1240 exiens

117 1280 311 1365 producitur:

117 1419 186 1496 VII,
212 1424 253 1486 bb
275 1417 374 1482 Hauc
396 1415 524 1497 qualem
541 1436 661 1497 nequeo
674 1421 1015 1483 monstroreetseaiio
1037 1423 1156 1483 tautam

134 1526 253 1604 Vlaaa
276 1525 348 1591 Hoc
369 1523 449 1601 colo,
471 1526 519 1589 sic
534 1524 642 1606 jubeo,
665 1526 710 1589 sit
725 1547 790 1607 pro
813 1527 943 1591 ratione
963 1527 1124 1592 uoluatur.
1188 1514 1191 1519 ’

160 1635 252 1712 Ι,108
279 1633 464 1698 Conductore
491 1630 651 1696 Coruinus
675 1652 756 1712 (ceo,
780 1654 835 1716 epo
852 1635 1007 1716 possideo
1025 1635 1103 1716 pias

130 1743 185 1820 IX,
209 1746 249 1810 82
271 1740 410 1807 Nullum
418 1759 491 1821 erpo
499 1742 710 1816 meritamest
719 1742 1154 1828 improtecoperfidanullum

148 1851 185 1925 X,
209 1853 250 1917 84
276 1849 380 1931 (laum
403 1849 633 1926 discruciatus
655 1869 695 1913 ce
710 1870 839 1931 peccas
861 1852 972 1933 eripui
992 1851 1085 1914 Arae

118 2023 183 2087 quae
206 2001 362 2085 productio
384 2002 416 2065 in
440 2003 549 2066 ceteris
572 2022 676 2068 versus
691 2004 818 2085 pedibus
836 2022 985 2085 nusquam
998 2004 1154 2085 invenitur,

115 2116 146 2177 el
180 2130 217 2175 ne
251 2112 298 2175 his
329 2110 448 2192 quidem
481 2109 556 2175 locis
592 2110 795 2175 nominativus
825 2111 1010 2175 substantivi
1037 2109 1157 2194 produci

114 2219 201 2286 solet.
256 2219 400 2282 Videmus
430 2217 532 2300 igitur,
566 2218 747 2283 Juvenalom
779 2217 898 2282 literam
933 2239 960 2293 o,
995 2200 1048 2283 ubi
1083 2219 1158 2301 apud

114 2328 228 2411 priores
253 2330 354 2409 poetas
376 2325 467 2407 longa
489 2344 556 2390 esse
578 2326 682 2407 soleat,
715 2326 873 2389 nominum
900 2326 1159 2391 substantivorum

114 2440 204 2518 atque
227 2435 445 2518 adjectivorum
473 2433 574 2498 dativo
604 2436 635 2496 et
664 2433 796 2498 ablativo
826 2450 899 2497 casu
921 2439 1046 2515 excepto
1068 2434 1157 2498 coui-

117 2563 186 2627 pere
221 2542 316 2608 solere
341 2541 383 2622 (in
413 2545 470 2606 sat.
493 2542 591 2605 tertiae
614 2561 641 2605 v.
665 2544 741 2607 232:
785 2540 958 2605 Plurimae
991 2540 1043 2605 bic
1076 2561 1158 2625 ceper

113 2648 438 2731 moritcrcipilucclr.
463 2648 521 2711 sed
540 2649 649 2729 ipsam
668 2648 818 2712 ablativus
841 2648 981 2731 gerundii
1003 2652 1155 2733 correptus

113 2759 301 2838 inveniturl..
318 2757 511 2839 quamobrem
546 2754 584 2820 ab
616 2756 655 2818 iis
688 2756 837 2820 adverbiis
872 2758 902 2819 in
930 2775 947 2819 o
971 2756 1154 2834 exeuntibua

113 2887 180 2950 quae
203 2885 221 2931 a
243 2865 391 2948 prioribus
413 2864 510 2946 poetis
533 2882 680 2945 nusquam
711 2863 921 2947 corripiuntur,
941 2867 1010 2935 aaut
1037 2865 1154 2929 omnino

113 2975 245 3040 abstinet
268 2983 370 3049 (raro,
392 2971 507 3054 fuleo,v
524 2971 630 3054 culpo,
654 2972 794 3048 omniuo,
817 2973 936 3053 crebro,
960 2973 1154 3060 laturario,

112 3081 266 3160 consulto,
301 3080 421 3156 sedulo,
448 3079 600 3163 fortuito,
636 3083 773 3162 crocco)
802 3084 834 3143 et
855 3080 1006 3163 adjectiva
1028 3083 1153 3158 cognata

112 3191 197 3274 ponit
218 3191 266 3256 vel
294 3192 354 3254 alio
384 3190 472 3253 modo
501 3189 655 3253 notionem
678 3180 780 3252 earum
804 3188 945 3270 exprimit
968 3188 1017 3268 (V,
1034 3193 1071 3253 14
1093 3186 1153 3250 Iao

106 3302 207 3380 putot
229 3299 314 3363 lonc
335 3319 394 3361 rec
408 3296 454 3360 Er
476 3297 624 3377 quamvis
651 3316 766 3359 ruram
788 3299 895 3359 tumea
916 3295 1082 3380 imputat),
1102 3295 1153 3358 aut

113 3426 156 3481 ea,
181 3408 289 3489 quibus
303 3408 400 3471 utitur
411 3406 556 3487 (secreto,
574 3405 696 3483 merita
721 3401 883 3481 centaurio,
904 3403 1035 3477 idcirco,
1058 3401 1151 3478 cliro,

111 3514 198 3586 culeo,
222 3515 318 3592 ideo),
351 3513 511 3597 imponit,
542 3516 576 3576 ut
603 3512 712 3576 ultima
741 3511 858 3594 syllaba
881 3513 934 3575 aut
956 3511 1083 3576 alterius
1105 3508 1151 3575 vel

111 3623 213 3686 ultimi
237 3623 424 3704 pedisarsin
446 3621 620 3699 constituat,
644 3625 696 3685 aut
717 3620 749 3684 in
771 3639 886 3684 caesura
907 3619 999 3701 longa
1021 3621 1071 3700 sit,
1100 3622 1150 3683 aut

71 3767 74 3774 ·
111 3731 268 3795 elisionem
289 3731 433 3813 patiatur,
454 3738 508 3793 aut
530 3748 652 3792 versum
674 3728 811 3792 claudat:

174 3871 199 3949 Ι,
222 3872 264 3935 95
287 3867 414 3932 Secreto
438 3865 583 3929 coecavit
605 3863 711 3946 ccco?
734 3865 832 3927 Nuce
853 3863 1003 3944 sportula
1019 3865 1129 3944 primo

139 3977 257 4057 UL‘AEI
284 3976 437 4041 Persicus
460 3974 610 4037 orborum
633 3972 837 4036 lautissimas
860 3973 1023 4035 almerita
1041 3972 1115 4053 jam

110 4085 456 4166 V111,114Despr·eios
478 4083 600 4147 merito.
649 4080 735 4162 Quid
755 4081 904 4144 resiautc
919 4079 1077 4160 jacentes
