2566 4404
409 210 452 263 De
471 210 575 280 ellipsi.

112 410 265 494 proferre
288 411 364 476 libet
376 413 473 496 fimes,
496 413 665 494 maiorque
686 414 815 479 videtur

118 518 233 583 melier
253 514 372 584 vieinu‘
385 538 493 600 sepes:
515 521 672 584 mmcarc‘s
694 525 725 586 et
746 522 831 587 tanc
853 526 883 587 et

111 628 201 691 iuste
224 630 254 690 et
275 626 378 691 densa
399 631 538 691 mentem
561 630 618 709 qui
640 633 734 694 cenet
755 629 852 696 oliva.

112 818 245 892 rrichius‚
276 818 420 905 *Jahnius
451 820 512 883 alii.
557 820 671 883 Weber
693 820 786 884 etiam
810 826 924 906 puncto
947 827 1020 909 post

114 928 208 1005 ,ret-3)
232 925 349 993 incidit.
392 925 547 1011 Apodosis
569 947 587 990 a
609 927 699 992 verbo
715 931 872 993 mercaris
886 929 1019 1013 incipere

133 1034 186 1096 sed
207 1052 299 1114 quum
324 1032 495 1096 enunciatio
518 1033 599 1114 prior
620 1053 690 1097 cum
712 1036 835 1115 apodesi
848 1038 1017 1118 pracedat:
1089 1040 1092 1048 '

113 1188 118 1216 ‚
152 1159 251 1221 quum
283 1159 350 1203 aec
382 1138 503 1222 sufficit
532 1159 609 1221 sqq.‚
642 1142 718 1205 mire
752 1142 847 1206 altera
880 1143 1019 1225 apndosis

128 1249 159 1310 et
180 1264 216 1309 ea
239 1246 283 1310 sic
305 1247 445 1323 formata,
469 1249 504 1310 ut
525 1249 562 1310 ad
578 1247 721 1312 ultimum
736 1249 835 1314 solum
846 1251 1018 1314 membrum

113 1375 115 1386 ·
147 1355 236 1434 atque
269 1372 340 1417 cum
373 1372 407 1416 ec
441 1355 524 1416 arcte
554 1355 705 1419 cohaereat
732 1355 867 1438 (hauc).
918 1357 1019 1421 Aliter

113 1461 291 1542 tinguendus
303 1464 359 1536 est,
383 1479 451 1523 uam
465 1461 719 1541 quemadmodum
733 1461 841 1527 attera
856 1465 1019 1549 opponitur

114 1588 135 1632 c
145 1587 243 1649 sepes,
257 1568 403 1640 arbusta,
415 1571 554 1630 montem
565 1569 790 1649 angustioribus
801 1569 912 1633 finibus
925 1588 1017 1652 oppo-

121 1695 216 1756 quum
237 1695 289 1738 rus
312 1667 370 1739 uun
383 1675 497 1739 sufficit
509 1694 613 1749 unum,
637 1676 735 1738 alteru
747 1674 820 1740 villa
832 1679 969 1761 paratur,
987 1679 1019 1740 et

114 1783 264 1863 rprcferre
278 1782 362 1856 libet
386 1782 542 1862 vicinaque
556 1800 644 1864 seges
666 1782 763 1846 maior·
784 1783 913 1859 ridetur,
935 1802 1017 1846 mer-

114 1909 165 1953 mc.
210 1889 366 1953 Sententia
388 1888 434 1951 Et
449 1888 601 1972 proferre
629 1888 705 1953 tibet
731 1909 800 1970 sqq.
836 1889 1018 1954 condicionis

114 2015 147 2060 co
168 1996 269 2078 posita
291 1998 347 2071 est,
377 1999 409 2060 ct
431 1997 580 2081 particula
602 1997 642 2073 si,
665 1996 717 2060 ubi
741 2017 840 2077 quum
862 1996 1016 2078 praecedit

114 2123 148 2166 m
171 2103 407 2182 condicionalem
429 2103 532 2167 crebro
555 2104 696 2187 adjungit
711 2105 765 2168 cfr.
782 2104 834 2181 VI,
857 2106 1015 2171 575-78.

114 2229 141 2273 er
162 2210 246 2274 locus
268 2211 299 2274 in
322 2211 415 2274 satira
444 2213 529 2274 sexta
554 2210 677 2293 legitur,
712 2211 764 2275 ubi
796 2214 886 2294 poeta
919 2230 1018 2276 sacer-

114 2317 185 2380 sidis
215 2320 307 2398 atque
342 2317 574 2398 superstitiones
608 2317 774 2381 mulierum
807 2318 1018 2402 perstringens

113 2443 148 2487 us
171 2423 295 2508 scripsit
317 2425 358 2505 (a.
380 2445 408 2488 v.
432 2427 521 2502 tum:

114 2618 116 2630 ·
131 2595 218 2673 peti
239 2595 376 2668 aecium,
400 2594 525 2673 quoties
546 2613 613 2657 uon
635 2595 776 2659 abstinet
797 2614 883 2658 amor

114 2701 236 2764 cambitu
257 2701 364 2764 sacris
386 2699 660 2781 observandisque
682 2700 803 2781 diebus,

114 2827 243 2890 quaque
265 2808 396 2872 detetur
417 2806 538 2870 ateleto
554 2828 666 2888 poema
689 2809 838 2875 cadurco.

115 2916 253 2980 mouisse
274 2918 373 2997 ceput
394 2915 467 2977 visa
490 2918 537 2978 est
559 2920 715 2997 erpeutea
736 2935 877 2996 serpeus.

114 3043 149 3087 us
172 3021 316 3085 inarime
337 3022 557 3102 meditataque
578 3043 749 3087 murmure
765 3027 939 3104 prestant,

116 3131 246 3194 uectem
267 3128 370 3210 culpe
391 3149 458 3194 men
480 3131 606 3194 abnuet
627 3150 743 3195 ansere
764 3150 882 3212 meque

114 3237 182 3302 ticet
205 3241 235 3301 et
257 3239 348 3301 tenui
363 3257 498 3318 popano
522 3241 696 3318 corruptus
722 3236 839 3302 Osiris.

114 3413 206 3495 eigins
230 3413 394 3476 oraticnem
417 3412 583 3489 distribuit,
613 3415 683 3477 ante
706 3412 772 3476 cius
795 3412 875 3476 enim
908 3432 1011 3478 emen-

145 3523 214 3602 post
247 3519 386 3583 cadurco
420 3519 461 3600 (v.
491 3521 567 3601 537)
601 3523 731 3603 puncto,
773 3522 844 3600 pest
875 3539 1012 3600 serpens

132 3627 331 3691 incidebatur.
376 3627 505 3690 Versum
536 3630 638 3706 (538):
671 3624 718 3688 m
745 3628 883 3691 movisse
914 3632 1014 3707 eaput

125 3737 282 3815 carpentem
310 3753 444 3819 serpeus
467 3733 672 3813 superioribus
695 3733 920 3816 adjungendum
946 3754 1012 3799 esse

114 3842 148 3905 rti
170 3841 311 3923 expiandi
332 3841 568 3925 descriptionem
592 3840 756 3918 continere,
791 3843 858 3904 tum
882 3861 916 3904 ex
940 3861 1011 3926 par·-

136 3953 205 4012 tum
227 3968 262 4012 ex
284 3949 368 4012 verbi
390 3951 525 4029 tempure
548 3951 653 4034 patere
676 3947 854 4030 Madvigius
875 3948 964 4023 dicu„
981 3951 1018 4011 et

112 4073 190 4135 oque
211 4073 351 4120 caussam
375 4057 476 4123 addit:
504 4061 594 4125 »tum
617 4078 656 4124 eu
678 4076 729 4141 eu„
762 4057 853 4140 mund
870 4056 951 4137 pust
969 4050 1045 4113 rue
