2566 4404
493 201 536 254 oe
555 201 637 254 metri
656 201 776 254 ratione.
1137 205 1156 269 7

104 405 197 478 cedit,
221 423 320 486 neque
342 424 483 488 usquam,
507 406 587 486 quod
609 373 690 486 apud
710 407 824 488 priores
846 407 1000 471 interdum
1016 406 1154 486 occurrit,

104 531 162 577 ror
185 512 337 595 bisyllaba
365 513 505 595 quintum
527 531 632 576 versus
655 513 762 594 pedem
784 514 902 597 implet.
937 514 1062 579 Duobus
1084 534 1155 580 vero

103 619 181 686 locis
205 620 287 716 (Vll,
302 625 373 695 211,
398 622 521 700 llice)
552 639 641 684 voces
670 624 701 684 et
729 622 782 685 cui
808 623 887 687 hanc
914 624 1018 686 sedem
1040 627 1153 687 tenent.

105 731 189 793 Ante
224 747 329 816 vocem
363 728 602 810 monosyllabam
632 746 755 793 versum
782 731 975 794 claudentem
996 731 1154 796 Juvenalis

106 855 193 901 more
216 836 337 901 Horatii
360 837 550 917 trisyllabam
573 836 769 918 (tribrachyn,
799 838 885 902 cuius
908 838 1017 902 ultima
1039 839 1154 922 syllaba

105 946 145 1010 ob
169 949 369 1010 consonantes
392 947 604 1008 concurrentes
627 945 810 1026 producitur,
837 946 939 1028 potius
965 965 1056 1028 quam
1079 965 1153 1012 ana·
1210 1022 1213 1030 ¹

103 1057 250 1136 pastum)
288 1052 391 1117 crebro
424 1052 518 1135 ponit,
551 1052 649 1116 rarius
683 1053 860 1117 vocabulum
891 1054 1061 1135 jambicum
1095 1055 1154 1138 (sic

103 1161 160 1239 IV,
177 1163 246 1242 140,
269 1159 305 1241 V,
323 1165 369 1237 15,
391 1159 443 1234 Vl,
456 1161 528 1236 406,
551 1159 637 1237 VIII,
650 1163 712 1244 36).

190 1252 460 1332 ‘Animadversum
495 1269 602 1331 deinde
631 1268 794 1349 singularis
824 1274 855 1334 et
876 1271 1017 1334 accurata
1040 1288 1153 1335 caesura

102 1377 199 1459 digna
222 1382 282 1454 est,
301 1396 367 1458 qnae
390 1394 497 1458 paves
519 1379 622 1457 partes
646 1378 725 1458 apud
746 1377 928 1442 iuvenalem
958 1377 1034 1459 agit,
1068 1380 1100 1441 et
1121 1378 1153 1442 in

104 1485 194 1549 cuius
218 1504 276 1548 usu
297 1484 447 1548 rhetorica
471 1483 536 1547 eius
564 1503 613 1547 ars
642 1504 759 1548 summe
782 1486 915 1567 apparet.
971 1486 1097 1549 Poetam
1122 1491 1154 1550 et

103 1591 137 1656 in
171 1593 306 1655 oratione
339 1592 547 1656 distribuenda
580 1595 612 1654 et
644 1593 697 1656 ubi
719 1610 825 1657 vocem
846 1594 982 1675 aliquam
1004 1592 1152 1675 singulari

103 1701 237 1783 pondere
261 1701 358 1763 efferri
383 1700 464 1773 velit,
498 1699 563 1763 eius
598 1719 652 1782 ope
681 1701 746 1775 niti,
781 1680 871 1764 multi
901 1699 991 1764 huius
1014 1700 1152 1782 disputa-

103 1809 199 1872 tionis
222 1808 281 1872 loci
304 1809 379 1872 satis
402 1807 561 1883 docebunt,
596 1809 791 1890 quamobrem
819 1808 870 1872 hic
892 1809 1039 1872 modoad
1063 1808 1152 1873 illum

102 1916 169 1980 eius
193 1936 282 1980 usum
307 1916 509 1991 attendemus,
532 1916 610 1997 quod
634 1933 653 1978 a
675 1935 797 1980 caesurae
820 1916 988 1994 intervallo,
1013 1915 1064 1979 ubi
1085 1917 1152 1981 fieri

101 2027 215 2107 potest,
238 2025 383 2106 apodosin
406 2027 437 2086 et
459 2043 565 2087 novam
590 2024 776 2088 sententiam
792 2023 1001 2088 secundariam
1015 2024 1064 2088 vel
1074 2042 1150 2106 pen-

100 2133 227 2197 dentem
260 2132 375 2213 incipit,
411 2131 489 2214 quod
520 2129 563 2194 ibi
591 2133 775 2212 anaphoram
798 2131 845 2194 vel
868 2132 1034 2213 asyndeton
1056 2133 1151 2213 ponit,

102 2239 231 2303 verbum
254 2240 348 2304 subst.
374 2239 497 2315 omittit,
521 2239 618 2302 hiatui
640 2239 787 2322 indulget,
816 2241 852 2302 ut
876 2239 957 2302 brevi
980 2240 1150 2321 praecidam,

101 2347 243 2413 omnibus
266 2348 364 2412 modis
383 2365 503 2429 operam
517 2347 577 2423 dat,
599 2351 634 2411 nt
655 2347 723 2429 ipsa
745 2347 839 2410 oratio
862 2351 968 2427 aptum
989 2347 1151 2412 insistendi

100 2461 224 2537 tempus
246 2455 353 2519 lectori
376 2455 519 2537 praebeat,
543 2458 574 2518 et
596 2473 686 2536 quam
709 2473 788 2538 saepe
811 2472 889 2520 nova
911 2456 1064 2545 sententia
1086 2457 1150 2539 pni-

102 2565 202 2628 maria
224 2564 261 2626 ab
284 2563 341 2627 hoc
363 2562 523 2627 intervallo
545 2561 680 2644 incipiat,
704 2562 753 2626 hic
775 2562 934 2628 iuvenalis
955 2563 1040 2627 locus
1063 2564 1151 2629 docet

99 2671 254 2756 (XlVav.
268 2672 357 2755 210):

146 2825 283 2889 Talibus
305 2826 482 2889 iustuuteu
503 2823 639 2887 uouitu's
661 2843 880 2905 quemcunque
895 2824 1068 2905 parentem
1093 2830 1096 2835 ⁴

143 2932 201 2997 Sic
216 2953 349 3013 possem
371 2932 491 3016 afferi:
512 2931 588 3010 Dic,
612 2951 629 2995 o
652 2933 837 3009 uuuissu'ue,
862 2933 937 3013 quis
959 2937 989 2997 te

141 3041 319 3106 Festiuure
334 3040 452 3122 jubet?
475 3039 639 3104 meliorem
654 3044 778 3121 praesto
801 3042 960 3122 mopistro

141 3148 362 3230 Discupuluuu.
409 3148 549 3213 Securus
571 3149 643 3212 ubi:
665 3149 814 3228 viuceru's,
837 3153 875 3212 ut
897 3149 989 3212 Aiuu

142 3257 313 3322 Praeteriit
339 3255 550 3331 Teluruoueru,
574 3260 612 3320 ut
633 3256 733 3321 Peleu
753 3258 832 3321 uicit
853 3257 1005 3323 Achilles.

142 3366 351 3431 Parcendum
373 3369 421 3429 est
445 3365 584 3429 teucris:
606 3365 751 3429 noudum
772 3364 943 3447 impleuere
964 3366 1125 3431 medullas

121 3475 288 3538 'Muturoe
310 3473 399 3537 uculo
421 3474 593 3555 nequitiem

94 3624 134 3712 ΪΙ]
162 3664 284 3725 ⁶(rasura
305 3646 379 3705 κατὰ
402 3648 496 3725 τρίτον
519 3648 662 3728 τροχᾶιον,
696 3662 763 3726 quae
795 3647 928 3714 vocatur,
963 3645 1146 3710 extrudenda

96 3754 259 3823 Juvenans
283 3754 380 3817 multo
401 3752 522 3834 longius
544 3771 635 3834 quam
647 3752 775 3816 Ovidius
798 3751 945 3834 processit
968 3756 999 3817 et
1019 3771 1059 3828 re,
1075 3771 1146 3818 vera

95 3880 164 3929 eam
187 3861 254 3925 loco
278 3862 407 3925 movisse
431 3860 491 3924 dici
518 3863 627 3942 potest.
684 3860 750 3924 Hoc
782 3859 864 3923 enim
893 3879 1015 3923 caesurae
1048 3870 1146 3942 ‘genus

95 3971 253 4037 ducenties
275 3968 322 4032 bis
344 3968 515 4033 adhibitum
538 3968 700 4042 invenitur,
732 3969 784 4031 sed
808 3968 856 4030 his
877 3966 952 4030 locis
974 3968 1145 4031 accuratius

94 4076 243 4160 inspectis
265 4095 389 4154 caesura,
423 4095 491 4159 quae
522 4075 773 4158 hephtemimeris
796 4078 931 4151 vocatur,
962 4077 1035 4157 post
1063 4075 1155 4137 arsin
