2566 4404
207 211 267 274 126
650 208 691 260 De
711 207 816 275 ellipsi.

205 411 285 492 quod
307 409 504 474 Heinrichius
534 409 630 474 forma
658 409 789 473 nominis
820 409 885 473 sola
914 417 1087 476 commotus
1114 413 1233 489 affirmat

142 548 145 553 >
203 517 419 599 Hispaniensis
442 517 554 580 mulier
577 520 643 592 est,
681 518 805 598 signum
825 516 1076 598 interrogationis
1098 524 1163 601 post
1180 519 1232 601 sus·

195 625 267 708 ficet
289 623 372 687 male
394 624 524 705 ponitur,
548 625 593 687 sic
616 623 700 706 enim
721 622 868 687 Hiberida
889 625 1045 706 pudicitiae
1068 627 1164 690 dubiae
1184 645 1235 690 esse

200 733 323 804 dicitur,
349 731 427 812 quod
450 731 604 811 pudicitiae
627 731 800 812 exemplum
813 731 949 811 positum
961 750 1047 806 esse,
1070 732 1164 797 oratio
1183 733 1235 814 ipsa

201 839 324 903 indicat.
352 837 472 918 Longas
486 838 522 899 de
539 836 685 901 Hiberina
696 837 839 918 ambages
853 840 1009 918 praeterire
1019 841 1104 904 malo
1116 860 1198 922 quarn
1209 841 1236 902 de

202 964 234 1010 re
247 946 363 1010 incerta
376 945 493 1007 incerta
504 944 598 1026 loqui,
621 944 674 1007 sed
687 944 835 1025 quomodo
850 946 1041 1009 demonstrat
1053 947 1237 1018 Heinricbins

144 1042 153 1054 ’
202 1054 253 1136 qui
275 1054 367 1118 verba
395 1050 487 1116 Unus
509 1050 679 1114 Hiberinae
708 1052 760 1114 vio·
781 1050 902 1136 sufficit
928 1054 1076 1117 Postumo
1107 1053 1236 1124 attribuit,

200 1162 336 1242 primum
359 1158 491 1222 Ibericas
514 1157 643 1221 feminas
673 1163 772 1223 castas
795 1159 904 1234 fuisse,
938 1159 1049 1222 deinde
1072 1177 1236 1224 commemo-

200 1267 327 1330 rationis
359 1284 462 1329 earum
487 1267 632 1329 Postumo
655 1284 713 1329 non
745 1265 973 1347 peregrinarum
996 1267 1176 1339 feminarum
1196 1265 1236 1329 sed

203 1375 406 1438 Romanarum
419 1371 594 1436 castitatem
606 1371 781 1435 defendenti
793 1373 826 1434 in
835 1375 970 1436 mentem
984 1373 1088 1436 venire
1098 1372 1235 1454 potuisse?

201 1481 251 1544 An
273 1481 455 1544 Postumum
480 1479 629 1542 ibericum
663 1478 821 1541 mulierem
846 1481 1011 1543 ducturum
1033 1479 1144 1561 fingit?
1183 1478 1235 1541 Hoc

200 1590 324 1652 tantum
340 1586 430 1649 dicit:
456 1586 578 1648 »crebra
599 1587 631 1648 in
643 1585 788 1665 sepulcris
810 1584 878 1648 laus
900 1586 1079 1675 feminarum
1103 1591 1162 1650 est:
1182 1585 1232 1647 uni·

200 1696 265 1758 vira
288 1694 339 1769 (de
362 1693 463 1756 viduis
486 1693 581 1774 igitur
603 1692 739 1773 cogitat).
776 1692 842 1755 Hoc
865 1693 931 1755 loco
953 1692 1036 1754 aliud
1058 1698 1148 1774 poeta
1167 1691 1231 1754 vult:

200 1801 383 1864 Hiberinam
411 1799 581 1862 adulteram
614 1817 676 1862 non
697 1798 799 1861 fore«.
839 1800 892 1861 sed
919 1800 1000 1861 unde
1024 1801 1081 1863 boc
1103 1799 1229 1862 affirmare

200 1909 320 1972 audet?
366 1905 455 1984 Quod
488 1905 568 1967 enim
601 1905 700 1984 addit,
741 1905 863 1968 Horatii
892 1905 1066 1969 libertinam
1101 1925 1156 1970 non
1185 1919 1228 1966 nno

201 2014 373 2073 contentam
397 2011 509 2091 fuisse,
534 2011 610 2075 nihil
634 2013 670 2074 ad
694 2012 850 2075 Hiberinae
871 2011 1049 2092 pudicitiam
1073 2005 1188 2081 confert,
1205 2016 1226 2069 et-

108 2172 112 2179 .
200 2117 348 2180 Ibericum
371 2118 530 2180 mulierem
564 2135 625 2181 uno
653 2118 717 2181 viro
751 2121 926 2182 contentam
957 2119 1096 2200 fuisse1)‚
1130 2120 1228 2181 demon·

200 2225 360 2287 strandum
384 2227 457 2288 erat.
502 2226 598 2287 Poeta
614 2225 710 2306 igitur
731 2225 788 2288 hoc
811 2214 930 2306 quoque
953 2227 1020 2288 loco
1042 2226 1142 2289 omnia
1162 2223 1234 2286 dicit

199 2347 296 2410 neque
325 2331 402 2395 alius
431 2332 590 2412 quisquam
622 2331 929 2411 loquensinducitur,
968 2333 1162 2413 quamobrem
1183 2329 1244 2391 dia-

196 2434 290 2516 ·logus
317 2438 487 2501 Heinricbii
511 2438 577 2501 tolli
599 2438 698 2501 debet.
776 2459 783 2468 ·
865 2447 867 2450 ’
1262 2519 1267 2530 Ι

284 2543 319 2605 In
343 2545 437 2607 satira
459 2545 570 2625 prima,
605 2545 657 2607 ubi
681 2550 771 2626 poeta
801 2545 944 2611 clientem
976 2545 1140 2625 sportulam
1162 2538 1276 2606 usofl

1210 2722 1275 2753 s„

224 2748 529 2758 ——————.-—.——-
537 2753 598 2758 -.-.-
609 2754 640 2758 --
651 2751 1021 2758 -.-——----·----
1029 2751 1128 2757 *ffl,-.
1137 2752 1144 2756 .
1164 2750 1195 2755 -.-

228 2895 246 2960 ¹)
264 2896 308 2948 Ad
326 2897 400 2949 hunc
410 2897 517 2951 Valerii
533 2898 630 2951 Flacci
649 2899 743 2952 locum
763 2899 919 2952 attendam:
943 2900 988 2950 Cui
1007 2901 1077 2950 vadas
1095 2900 1191 2964 Hibero,
1208 2898 1236 2946 p.
1266 2892 1277 2921 ⁵

265 2981 324 3031 miti
340 2983 378 3032 vel
394 3001 457 3033 sceno
481 2987 565 3049 conjux
587 3002 633 3033 nen
656 3001 704 3033 una
732 2983 822 3035 Gelono
849 2983 935 3048 (VIII,
954 2984 1030 3048 233);
1058 2971 1277 3036 Asiaticoruffl

266 3065 352 3131 igitur
369 3067 541 3120 Hiberorum
566 3067 684 3120 feminas
704 3083 759 3121 uno
787 3066 845 3119 viro
867 3073 1014 3120 contentas
1033 3068 1137 3132 fuisse,
1160 3071 1229 3132 poet.
1250 3055 1277 3101 ἕ

263 3149 358 3216 lepide
384 3151 490 3203 dixisse
517 3156 627 3218 potest,
655 3158 764 3203 etcum
783 3151 978 3216 inposterum
1004 3150 1083 3203 libris
1104 3142 1277 3203 versatus}

264 3232 363 3300 fuisse,
382 3235 462 3287 multi
476 3234 655 3287 locidooent.
684 3235 814 3300 Vestigia
830 3233 995 3286 imitationis
1015 3248 1126 3299 quoque
1147 3226 1277 3286 crebre‘

263 3317 450 3385 inveniuntur,
471 3320 526 3371 sic:
545 3319 637 3383 XI‚82
656 3318 722 3369 Sicci
739 3328 807 3384 torpa
824 3319 874 3367 surb
892 3335 950 3367 raro
964 3319 1094 3383 pendentia
1112 3328 1177 3369 erate
1195 3311 1277 3368 cfr!

265 3400 347 3454 Ovid.
366 3402 436 3454 Met.
465 3402 539 3470 VIII,
558 3406 609 3458 649
646 3402 752 3454 Sordida
770 3412 838 3467 torpa
862 3404 913 3452 suis
932 3403 999 3468 aiqro
1013 3403 1144 3468 pendentia
1165 3404 1224 3467 tique
1268 3402 1277 3420 ⁴

264 3482 297 3550 V,
316 3486 365 3539 139
384 3485 475 3536 Nullos
494 3487 538 3536 tibi
551 3480 671 3552 parvulus
696 3487 753 3535 aula
771 3487 868 3536 Luserit
884 3486 980 3536 AEneas
999 3487 1049 3539 cfr.
1071 3486 1149 3553 Virg.
1170 3487 1227 3537 Aen
1250 3478 1277 3524 1

264 3565 312 3632 IV,
332 3570 383 3624 238
401 3568 433 3619 Si
451 3571 580 3632 quaemihi
593 3571 712 3636 parvulos
730 3570 789 3620 auia
806 3567 913 3620 Luderet
929 3570 1040 3635 AEneas3
1060 3569 1110 3636 ΙΙΙ,
1130 3571 1161 3624 70
1179 3561 1277 3620 Hic!

264 3656 308 3703 tus
337 3651 365 3703 in
384 3653 501 3706 vocibus
522 3653 597 3705 Samo
616 3656 653 3705 bic
680 3653 755 3721 apud
773 3653 921 3719 Virgilium
948 3654 976 3705 in
1003 3653 1104 3706 iisdem
1128 3645 1277 3705 vocibus!

263 3733 402 3786 invenItur
414 3738 495 3799 (Aen.
503 3742 528 3801 2,
540 3741 599 3806 67);
618 3739 705 3792 verba
717 3739 820 3788 Tantum
833 3738 991 3788 medicamina
1005 3747 1105 3802 possunt
1115 3720 1277 3802 (11159ῧῖ

262 3818 290 3870 in
302 3818 417 3872 Metam.
438 3820 502 3872 libr.
521 3821 583 3890 Vll,
607 3839 631 3876 v.
651 3825 700 3877 116
718 3821 850 3888 leguntur
874 3821 935 3874 sml.
955 3850 986 3860 —
1005 3823 1125 3873 Hiberica
1143 3827 1234 3873 nonu,r
1252 3812 1277 3851 2

262 3902 436 3970 detumeat,
465 3910 494 3955 et
518 3912 607 3971 poeta
624 3906 737 3958 nomina
767 3905 795 3957 in
822 3907 864 3955 ina
882 3905 1016 3958 exeuntia
1034 3906 1140 3972 saepius
1164 3894 1242 3971 pon?
1258 3922 1277 3935 Α

263 3986 316 4053 (sic
342 3987 463 4038 Venusina
486 3988 533 4056 vl,
562 3990 701 4055 16¹1)‚sed
728 3988 761 4041 de
786 3989 896 4056 origine
922 3989 998 4042 vocis
1023 3988 1068 4040 vix
1092 3986 1256 4054 quidque(

255 4072 330 4128 certi
348 4072 445 4128 afferri
463 4079 575 4143 potest.
