2566 4404
399 209 441 261 De
460 209 595 264 liberiore
615 210 762 265 verborum
780 212 888 281 positu.
1132 220 1171 282 31
1270 206 1274 213 ⁴

115 409 168 475 Sic
181 410 380 476 Heinrichius
400 413 445 494 (et
465 415 683 478 recentissima
708 414 870 499 editiones)
886 435 995 481 versus
1012 417 1172 501 ‹listingvit

112 521 145 581 et
168 519 308 582 adnotat:
331 522 467 583 statuam
489 519 675 602 Ganymedis
697 521 730 585 in
757 523 873 604 templo
901 522 1006 598 Jovis;
1033 526 1065 588 in
1087 525 1172 591 nullo

111 624 173 689 alie
195 625 309 707 templo
332 627 368 690 de
391 625 567 708 Ganymede
590 629 717 709 cogitari
751 631 866 710 potest;
897 648 970 711 ergo
1003 650 1100 713 genus
1129 632 1170 697 lc·

111 733 224 814 quendi
257 751 355 814 neque
377 731 566 816 'ambiguum
599 753 696 815 neque
740 736 848 800 durum
885 741 941 800 est.
993 738 1093 802 immo
1125 742 1173 804 est

111 843 178 904 tam
201 840 379 922 ambiguum
402 843 434 904 et
455 841 573 915 durum,
597 845 633 905 ut
654 847 743 922 poeta
766 844 811 906 sic
838 843 998 925 scripsisse
1026 863 1086 909 non
1117 848 1169 927 pd-

112 946 215 1011 tuerit.
261 948 398 1010 Primum
421 947 511 1024 enim,
534 966 719 1030 quamquam
745 950 779 1013 in
799 951 1021 1032 particularum
1045 953 1169 1032 copula-

114 1054 243 1118 tivamm
264 1073 322 1118 usu
339 1057 429 1136 poeta
439 1056 517 1119 mire
531 1055 670 1134 fluctuat,
701 1056 821 1120 nullum
833 1058 982 1121 eiusmodi
996 1060 1168 1140 exemplum

116 1163 221 1238 exstat,
244 1162 324 1243 quod
346 1168 475 1244 quatuor
497 1164 635 1226 membra
660 1181 841 1227 enumerans
863 1164 996 1228 alterum
1018 1166 1168 1246 particula

117 1271 150 1341 et,
174 1269 301 1332 tertium
323 1269 388 1332 sine
411 1269 528 1350 copula,
551 1273 691 1351 quartam
715 1272 821 1335 eadem
842 1271 993 1352 particula
1015 1277 1167 1337 0000000-

119 1377 166 1451 at,
189 1376 315 1452 deinde,
343 1376 467 1460 sipost
492 1376 711 1459 Ganymedem
732 1377 893 1456 inciditur,
928 1379 1164 1459 substantivum,

120 1482 189 1564 quod
223 1485 270 1546 est
298 1482 412 1560 Isa'da's,
447 1502 516 1546 enm
545 1484 626 1548 inter
659 1485 718 1548 duc
752 1485 944 1548 substantiva
972 1485 1103 1567 (scam
1136 1490 1166 1550 et

121 1589 352 1671 Ganymedem)
385 1591 488 1656 locum
519 1594 614 1666 tenet,
647 1595 682 1654 ut
704 1591 855 1672 posterius
878 1611 913 1654 ex
935 1592 1097 1657 Juvenalis
1119 1593 1165 1656 lo-

123 1697 223 1780 [uendi
246 1716 303 1760 usu
327 1699 498 1762 necessario
520 1718 589 1762 eum
616 1717 651 1761 eo
670 1698 865 1780 jungendum
888 1698 937 1773 sit,
960 1701 1028 1762 tum
1054 1718 1165 1764 nomen

124 1822 254 1880 ersonae,
276 1806 357 1886 quod
380 1807 427 1869 est
453 1804 665 1886 Ganymedeo,
701 1805 752 1867 ubi
787 1823 870 1868 mera
898 1805 1085 1886 templorum
1115 1807 1166 1870 vel

126 1929 233 1974 eorum
256 1912 380 1976 nomina
402 1917 624 1981 enumerantur,
648 1912 803 1993 proJovis
824 1912 948 1993 templo,
971 1911 1046 1974 licet
1061 1915 1164 1977 statua

127 2019 296 2100 ¹fanymedis
329 2019 361 2082 in
396 2037 431 2083 eo
464 2019 563 2100 posita
597 2019 699 2095 fuerit,
733 2019 850 2081 dictum
878 2037 1026 2081 essenon
1050 2022 1163 2102 potest,

128 2126 248 2190 uamvis
271 2125 436 2208 Rupertius
469 2143 578 2189 nomen
613 2144 648 2189 ea
681 2127 718 2189 de
752 2143 859 2189 caussa
886 2124 957 2206 poni
978 2142 1066 2206 posse
1090 2146 1162 2191 eon-

129 2237 219 2312 rmet,
242 2234 320 2314 qnod
343 2233 535 2315 Ganymedes
557 2232 724 2296 catamitus
747 2235 778 2296 et
799 2231 944 2313 Juppiter
966 2233 1161 2297 moechorum

131 2339 405 2413 otissimusfuerit3
429 2339 569 2403 advectae
592 2340 726 2421 denique
748 2339 866 2401 matris
888 2339 921 2401 in
945 2338 1058 2419 palatio
1081 2342 1161 2402 tem-

131 2447 190 2511 inm
215 2453 367 2511 secretum
389 2451 462 2522 erat,
493 2448 575 2529 pacis
606 2449 639 2509 in
662 2447 727 2511 foro
752 2445 900 2526 templum
926 2463 986 2508 non
1009 2451 1160 2509 secretum

133 2555 160 2617 ad
194 2553 424 2617 celeberrimum
458 2559 547 2634 atque
575 2553 668 2644 variis
689 2553 760 2617 vitra
783 2550 966 2633 quotidianae
989 2552 1158 2617 actionibus

134 2660 304 2740 astinetum,
328 2664 360 2724 et
371 2661 521 2743 templum
532 2660 659 2723 Matres
681 2660 719 2723 ob
741 2660 835 2722 situm
852 2657 989 2738 palatiu
1012 2658 1160 2741 appellari

135 2771 215 2844 tuest,
237 2787 297 2831 non
306 2769 415 2848 pects.
448 2767 619 2831 Heinrichii
638 2767 788 2830 enarratio
806 2769 923 2830 tantam
936 2765 1158 2829 dubitationem

136 2878 214 2951 ovet,
241 2878 285 2950 ut,
318 2874 392 2937 licet
415 2892 449 2937 ex
471 2874 556 2938 nullo
587 2874 646 2937 alio
667 2874 734 2937 loco
757 2872 944 2954 Ganymedis
967 2877 1102 2937 statuam
1123 2873 1156 2936 in

137 2982 186 3046 ‚cis
209 2981 324 3063 templo
347 2981 526 3045 collocatam
547 2980 643 3044 fuisse
669 2981 812 3056 sciamus,
836 2999 870 3043 er
893 2981 950 3043 hoc
972 2981 1038 3042 loco
1060 2979 1157 3062 conji-

138 3090 243 3153 rndum
277 3089 328 3152 sit.
384 3087 542 3151 Gommate
573 3090 642 3170 post
676 3087 886 3167 Ganymedem
920 3085 1021 3149 deleto
1055 3087 1156 3150 omnia

139 3199 185 3260 ata
207 3199 294 3260 sunt:
328 3196 430 3258 emnia
459 3195 595 3257 membra
624 3194 728 3257 eadem
757 3192 907 3275 particula
930 3192 1104 3274 copulativa
1126 3196 1157 3256 et

140 3305 279 3384 aguntur,
318 3300 536 3382 Ganymedem
562 3300 661 3380 pacis
689 3299 873 3381 praecedenti
898 3299 1023 3381 fanum
1050 3299 1155 3363 Isidis

141 3409 272 3491 spondet,
295 3426 405 3473 nomen
432 3406 632 3489 Ganymedis
660 3424 720 3469 non
742 3425 795 3488 pro
818 3406 905 3471 Jovis
929 3406 1044 3488 templo
1066 3406 1155 3488 poni-

143 3537 160 3593 7,
186 3515 324 3599 palatiu
355 3518 479 3579 secreta
512 3515 602 3578 modo
634 3515 672 3577 ad
694 3512 840 3577 Matrem
873 3513 1015 3595 pertinet,
1049 3515 1153 3590 lector,

143 3625 152 3688 i
186 3625 224 3688 ob
258 3623 394 3705 positum
427 3622 508 3686 vocis
536 3619 755 3702 Ganymedem
776 3622 954 3703 genetivum
988 3625 1153 3702 exspectat,

144 3750 170 3795 n
192 3729 390 3812 subsequenti
410 3729 510 3809 paces
532 3747 598 3792 eam
622 3728 804 3810 conjungere
827 3746 887 3791 non
910 3727 1038 3802 dubitat,
1072 3729 1153 3809 apud

145 3837 281 3903 venalem
316 3837 477 3918 genetivus
510 3834 638 3917 denique
672 3834 752 3898 inter
784 3836 842 3898 duo
865 3834 1060 3898 substantiva
1082 3838 1152 3898 ante
1189 3845 1193 3855 “

146 3943 281 4010 ticulum
303 3942 505 4025 copulativam
538 3961 599 4006 non
632 3942 677 4005 ita
709 3941 840 4022 ponitur,
869 3944 905 4004 ut
926 3943 965 4004 ad
987 3943 1152 4022 utmmque

147 4073 159 4118 1
191 4051 353 4134 pertineat.
408 4049 496 4112 Nihil
526 4051 674 4131 praeterea
704 4048 841 4130 impedit,
863 4047 1026 4130 quominus
1050 4049 1153 4111 statua
