2566 4404
24 229 28 235 .
110 189 152 251 44
389 184 432 235 De
450 183 585 236 liberiore
603 182 749 235 verborum
770 181 875 249 positu.

156 388 226 453 Nec
248 389 356 471 clypeo
383 387 565 454 craesum
579 388 783 467 papnnutem
804 388 863 447 aut
876 383 969 467 solea
988 386 1100 466 supina,

153 496 305 561 Damnat
328 499 415 561 enim
436 497 519 560 talea
539 495 679 571 babitus,
704 497 735 557 et
755 493 892 556 damnat
912 498 944 558 et
965 493 1039 566 odit,

122 672 130 683 ,
154 605 224 669 Nec
244 604 342 687 polea
355 604 479 688 summu
501 601 689 680 abscondi&
709 606 812 666 moret
831 603 901 665 ecee
921 601 1090 671 tridentem,

155 712 336 796 Postquam
359 713 481 777 libratu
497 710 676 793 pendentia
697 711 781 772 retia
802 708 918 773 deutra
1035 726 1039 735 ·

154 820 383 904 Nequidquam
407 820 529 903 effudit,
551 818 673 882 urrdum
696 817 742 880 ud
760 815 945 898 spectacula
967 815 1085 880 uultum

155 928 270 1009 Eripit
292 933 323 992 et
344 933 413 991 totu
426 928 521 1011 sapit
542 925 766 1021 upuoseendrm
786 944 898 988 areuu.

159 1036 339 1099 Credamus
361 1037 487 1113 tunice,
511 1035 550 1098 de
561 1034 720 1118 soricibus
740 1053 844 1096 nitrea
866 1051 964 1114 quum
986 1049 1021 1094 se
1062 1075 1067 1082 -

154 1142 313 1223 Porriput
334 1147 364 1205 et
387 1142 482 1224 leupo
497 1144 642 1224 jactetur
662 1142 755 1221 spira
776 1139 896 1220 putero.

111 1249 186 1312 Post
199 1251 369 1314 tridentem
379 1252 420 1332 (v.
429 1255 504 1333 203)
516 1251 709 1313 Hermannus
720 1249 854 1328 etponit,
870 1264 961 1328 quam
975 1242 1137 1326 particulam

111 1374 211 1436 neque
234 1359 324 1421 metri
347 1377 442 1438 neque
463 1358 523 1421 loci
552 1359 628 1422 ratio
657 1355 801 1419 admittit
849 1352 1002 1416 Particula
1024 1351 1138 1414 enimet

111 1480 233 1526 versum
245 1464 390 1527 claudens
406 1466 561 1528 elisionem
573 1469 644 1528 ante
656 1483 688 1527 se
699 1462 814 1544 respuit
824 1461 1032 1541 (Hermannus
1044 1456 1137 1540 sapius

112 1588 218 1633 vocem
230 1573 467 1652 monosyllabum
484 1584 587 1635 contra
601 1571 691 1633 metri
703 1570 850 1632 rationem
861 1568 1020 1630 interserit
1030 1563 1138 1638 ciuili,

111 1681 161 1750 88,
175 1678 333 1761 xlllpm).
356 1698 452 1760 neque
472 1677 740 1761 sequentiarum
760 1675 882 1738 uudum
903 1674 950 1736 ad
968 1669 1139 1754 spectacula

109 1783 234 1847 vultum
266 1785 379 1868 Eripit
410 1787 559 1868 particula
593 1785 763 1866 copulativa
796 1783 919 1846 vocibus
951 1785 1056 1846 mouet
1084 1795 1139 1844 etet

111 1891 280 1956 tridentem
303 1898 371 1976 apte
394 1895 599 1976 adjunguntur
619 1895 736 1956 (mouet
757 1910 824 1954 ecee
845 1889 1018 1953 tridentem
1040 1894 1069 1953 et
1086 1889 1140 1950 rete

109 1998 272 2079 efficudit),
295 2003 348 2064 sed
372 2005 459 2082 poeta
481 2003 538 2064 hoc
562 2001 637 2073 loco,
659 2005 695 2062 ut
717 1998 836 2080 saepius
859 1998 1005 2061 orationis
1028 1999 1140 2062 forman

110 2107 248 2186 paullum
269 2110 452 2171 immutavit.
491 2107 587 2170 Voces
610 2108 708 2169 mouit
730 2126 798 2169 ecce
819 2105 989 2168 tridentem
1011 2104 1141 2168 lectorem
1183 2174 1185 2192 ι

111 2229 270 2277 amorum
286 2219 318 2277 et
331 2215 459 2279 Gracchi
483 2216 682 2296 descriptione
706 2215 860 2295 adipsum
882 2230 1007 2275 arenam
1030 2218 1061 2274 et
1080 2227 1143 2292 pug·
1183 2201 1185 2223 '

110 2337 182 2382 nam
204 2321 397 2402 incipientem
422 2322 520 2386 vivide
548 2327 690 2396 avocant3
726 2321 816 2384 rerba
848 2321 1008 2401 sequentia
1030 2313 1144 2384 Gracchi

109 2431 179 2506 post
201 2434 263 2490 rete
287 2428 400 2495 frustra
419 2432 538 2514 jactum
561 2430 664 2511 fugam
683 2429 872 2496 describunt
895 2428 960 2509 ipse
972 2427 1048 2490 retis
1054 2428 1145 2509 jactus

110 2551 169 2595 non
191 2537 452 2598 commemoratur.
482 2537 572 2599 Mirae
594 2540 697 2600 autem
720 2555 869 2610 versuum,
892 2535 943 2615 qui
967 2537 1057 2597 sunt:
1083 2530 1145 2596 Orc·

112 2638 228 2702 durnm
250 2644 377 2713 tunice,
411 2643 450 2706 de
463 2643 622 2726 furiatus
644 2663 746 2707 aurea
769 2663 864 2725 quum
887 2660 921 2704 se
943 2660 1009 2723 sqq.
1034 2656 1146 2704 enarra·

112 2745 211 2810 tiones
233 2768 327 2829 usqne
351 2767 369 2812 a
390 2757 490 2814 vetere
518 2749 678 2814 scholiasta
710 2752 747 2812 ad
771 2751 952 2813 recentiores
973 2749 1148 2830 interpretes

111 2853 268 2935 leguntur,
291 2857 408 2936 quibus,
443 2859 613 2921 Heinrichii
636 2859 824 2921 enarratione
845 2856 969 2939 prolata,
1003 2873 1100 2936 quum
1120 2870 1148 2915 ex

112 2961 219 3024 eodem
242 2963 324 3026 fonte
347 2970 469 3029 manent
490 2970 521 3028 et
543 2966 652 3028 iisdem
675 2969 736 3029 tere
758 2963 908 3028 erroribus
927 2961 1064 3025 obnoxiae
1086 2960 1149 3032 sint

113 3072 309 3149 supersedere
332 3092 380 3134 me
403 3091 491 3153 posse
514 3073 655 3136 arbitror.
706 3073 744 3134 H.
767 3072 866 3136 locum
889 3072 933 3134 sic
954 3070 1150 3133 enarrandum

113 3193 179 3238 esse
190 3177 278 3241 dicit:
302 3198 399 3261 quum
415 3200 517 3243 aurea
539 3181 650 3243 tuuica
672 3199 706 3243 se
728 3180 766 3243 de
779 3177 1110 3262 faucibusporriput,
1125 3175 1151 3236 et

115 3301 219 3346 aurea
240 3287 334 3365 spira
356 3286 451 3368 leupo
477 3287 588 3369 pulcro
611 3289 767 3369 jactatum
793 3287 986 3371 adjectivum,
1008 3285 1089 3367 quod
1110 3284 1153 3345 est

111 3409 223 3465 aureo,
243 3393 281 3455 ad
293 3401 456 3475 utrumque
478 3395 648 3477 subjectum
663 3399 813 3478 pertinere
829 3397 902 3459 etin
913 3394 1008 3457 altero
1021 3391 1151 3456 membro

115 3497 298 3561 audiendum
320 3519 385 3563 esse
401 3503 563 3565 contendit.
607 3504 690 3582 Quod
713 3504 776 3566 ullo
798 3503 885 3567 modo
907 3501 972 3566 fieri
993 3519 1082 3581 posse
1104 3515 1152 3581 pro

113 3608 196 3665 certo
232 3607 419 3683 negaverim
451 3628 486 3671 ex
519 3610 557 3673 iis
593 3611 684 3681 enim,
717 3631 785 3693 quae
820 3628 912 3693 supra
938 3609 1152 3691 adjectivorum

116 3714 148 3770 et
181 3710 438 3778 substantivorum
472 3718 503 3778 in
536 3718 688 3781 similibus
722 3721 880 3783 sententiis
908 3717 1151 3780 distributionem

112 3820 279 3881 tractantes
302 3818 432 3884 diximus
455 3829 487 3887 et
508 3824 654 3906 exemplis
676 3827 801 3907 prolatis
823 3825 1025 3908 probavimus.
1055 3825 1152 3908 adjec-

111 3923 207 3986 tivum
231 3945 334 3989 uurea
356 3928 443 3993 niodo
465 3932 502 3994 ad
521 3933 753 4008 substantivum,
776 3933 1027 4014 quodestspnn
1049 3933 1153 3997 referri

110 4049 199 4111 posse
221 4039 363 4114 apparet;
397 4037 524 4120 simplex
554 4041 634 4103 enim
663 4039 741 4105 illud
764 4041 902 4122 loquendi
936 4060 1042 4122 genus,
1077 4041 1154 4123 quod
