2566 4404
397 209 440 262 De
460 208 595 264 liberiore
614 211 761 265 verborum
780 213 886 278 positu.
1128 217 1167 283 21

113 413 312 477 Heinricbins
345 414 495 477 incuriam
530 400 751 496 interpretum,
788 416 839 496 qui
874 421 938 480 tam
970 415 1170 481 manifestum

97 523 258 586 'mendum
281 540 344 585 non
377 522 591 602 perspexerint,
626 540 771 585 accusans
805 523 975 605 subjectam
998 524 1169 598 verborum,

112 647 181 709 quae
205 632 278 692 sunt
299 628 400 690 sumit
412 632 442 692 et
456 627 567 702 trabit,
591 629 712 692 onrnino
730 629 833 692 deesse
856 629 939 703 dicit,
963 633 994 692 et
1016 630 1048 692 in
1070 631 1169 694 verbis

110 737 152 798 iu
181 734 328 799 Ventidio
352 755 428 817 sqq,
453 755 521 816 quae
544 736 588 799 sic
610 736 777 798 enarranda
799 754 866 798 esse
888 738 992 816 putat:
1025 738 1062 799 iu
1091 735 1170 800 Veu·

112 842 197 906 tidie
220 843 321 905 sumit
344 842 511 906 laudabile
533 862 648 905 uoueu
678 845 709 904 et
733 841 865 924 famaue
893 862 915 905 a
938 862 1034 906 cerusa
1058 843 1169 923 trabit,

112 951 278 1014 molestam
300 955 445 1032 praeterea
471 950 668 1031 tautologiam
693 950 792 1012 inesse
824 951 987 1013 contendit.
1044 950 1170 1032 Gonjec-

112 1060 194 1120 turae
216 1056 312 1138 igit-ur
335 1076 390 1138 ope
411 1057 478 1119 loco
501 1057 615 1120 mederi
646 1061 771 1119 conatur
800 1058 831 1119 et
858 1058 1033 1138 presumit
1056 1058 1170 1120 substi-

115 1167 210 1226 tuens
231 1168 381 1244 sumptus
404 1165 483 1228 barro
503 1167 688 1227 structuram
712 1163 821 1226 efficit:
856 1165 891 1226 iu
920 1163 1067 1228 Ventidio
1102 1163 1171 1228 lau·

103 1269 224 1334 debile
251 1292 365 1335 uoueu
389 1271 548 1351 Sumptus
579 1274 609 1333 el
637 1291 657 1332 a
686 1289 783 1333 ceusu
803 1270 934 1354 samara
957 1272 1069 1349 trabit,
1103 1293 1170 1354 qnae

115 1396 216 1459 neque
238 1379 438 1460 tautologiam
462 1377 528 1442 loco
549 1380 661 1449 movet,
694 1396 791 1458 neque
819 1399 888 1443 cum
910 1385 1008 1462 poetae
1030 1380 1172 1460 loquendi

112 1503 174 1548 usn
197 1486 354 1566 congruit.
396 1485 525 1555 ‚Codices
549 1486 655 1548 deinde
678 1487 880 1552 consentiunt.
914 1487 993 1550 etsi
1016 1488 1171 1550 cohaerea-

113 1592 195 1654 tiam
217 1592 366 1655 sermonis
390 1596 540 1668 terremus,
563 1595 652 1672 poeta
674 1608 733 1654 nan
756 1593 891 1673 sumptui
915 1594 965 1656 sed
984 1594 1054 1657 vita·
1068 1595 1172 1674 splen·
1222 1648 1224 1653 .

113 1697 194 1760 didae
216 1699 265 1762 vel
287 1698 462 1762 hominibus
488 1698 588 1779 potius
616 1697 700 1779 ipsis,
731 1699 782 1779 qui
805 1699 850 1762 sic
872 1700 986 1776 vivunt,
1021 1701 1171 1764 laudabile

113 1823 227 1868 nomen
249 1806 375 1870 attribui
403 1805 487 1870 dicit.
532 1805 706 1886 Rupertius,
740 1806 792 1886 qui
825 1807 923 1870 locrrm
959 1808 1002 1870 sic
1035 1810 1170 1870 enarrat:

116 1912 258 1975 »luxuria
280 1930 298 1974 a
320 1931 411 1975 censu
435 1915 549 1975 famam
579 1913 683 1988 trahit,
719 1913 822 1988 sumit,
855 1914 949 1992 ducit,
982 1915 1006 1977 si
1041 1933 1171 1994 magnus

114 2023 166 2083 est
189 2037 306 2092 census,
330 2039 379 2082 res
401 2019 571 2095 familiaris,
594 2039 674 2100 opes,
702 2018 905 2092 liberalitatis,
933 2020 1171 2101 magnificentiae

84 2130 159 2208 ‚eti
180 2127 357 2203 honestatis,
392 2126 418 2190 si
451 2127 586 2208 exiguus,
614 2127 740 2189 luxuriae
766 2125 879 2189 famam
914 2143 1084 2209 nomenque
1118 2128 1171 2191 ob·

112 2234 226 2309 tinet«,
256 2234 333 2296 nihil
356 2235 428 2315 egit,
459 2234 518 2297 nisi
541 2252 649 2298 vocum
672 2235 752 2295 idern
782 2233 1022 2314 significantium
1050 2253 1170 2298 coacu-

114 2342 282 2405 vandarum
313 2341 414 2405 studio
448 2340 586 2406 indulsit,
621 2345 652 2404 et
684 2341 835 2403 luxuriam
858 2339 974 2404 famam
1002 2359 1172 2422 nomenque

113 2447 248 2512 luxuriae
281 2448 417 2511 obtinere
453 2448 529 2510 mire
569 2446 653 2510 dixit.
719 2448 851 2511 lahniue
884 2452 932 2523 (ut
964 2448 1171 2529 Herrnannns)

114 2555 328 2619 Heinrichium
354 2574 483 2635 sequens
506 2555 598 2618 verba
619 2573 679 2618 arra
702 2554 779 2617 serie
802 2555 932 2636 prosert3
955 2556 998 2618 sie
1017 2562 1120 2617 autern
1136 2572 1170 2617 err

90 2738 93 2743 ¹
114 2661 278 2727 luvenalis
300 2662 445 2742 loquendi
467 2680 526 2724 usu
545 2662 644 2736 verba,
672 2679 739 2741 quae
763 2662 835 2724 sunt
858 2660 1023 2723 laudabile
1046 2680 1170 2735 uouuu,

116 2767 292 2853 subjectum
315 2768 475 2849 utriusque
497 2768 580 2831 verbi
604 2771 659 2847 est,
683 2785 742 2847 qua
765 2772 919 2831 structura
941 2769 1092 2830 sententia
1115 2767 1173 2829 mi-

116 2894 203 2952 sera,
221 2875 364 2939 efficitur.
422 2875 568 2938 Veterum
602 2876 803 2956 interpretum
839 2875 1003 2938 enarratio:
1052 2875 1171 2938 »vivero

115 2982 276 3064 splendide
306 2982 337 3045 in
361 2982 465 3045 ltutilo
496 2981 666 3062 appellatur
687 2980 816 3057 luxuria,
849 2981 882 3044 in
904 2982 1047 3045 Ventidio
1068 2983 1170 3046 lauda·

116 3089 178 3152 bile
200 3108 310 3153 nomen
335 3089 484 3169 panitae«
522 3107 599 3163 eam,
633 3107 722 3170 quam
758 3092 936 3160 tractamus,
969 3090 1170 3169 quaestionem
1253 3113 1254 3116 ¹

114 3213 178 3258 non
200 3196 354 3276 attingens
377 3195 558 3258 sententiam
582 3200 681 3277 poetae
703 3201 784 3259 recte
814 3197 952 3278 explicat.
1010 3195 1072 3258 Alii
1106 3195 1171 3258 edi-

115 3307 199 3366 tores
222 3305 291 3383 post
314 3300 488 3378 laudabile,
522 3302 575 3365 alii
602 3307 671 3383 post
692 3304 793 3366 suuit
815 3305 961 3376 incidunt,
995 3304 1047 3367 sed
1071 3302 1171 3384 adjec-

114 3408 212 3473 tivum
238 3407 404 3472 laudabile
427 3428 445 3472 a
467 3409 657 3473 substantivo
680 3411 884 3491 subsequenti,
919 3429 1049 3492 quocum
1077 3409 1171 3473 etiam

115 3517 155 3581 ob
181 3516 274 3580 metri
297 3518 448 3580 rationem
472 3519 554 3579 arcte
577 3518 719 3592 cohaeret,
753 3517 856 3580 divelli
879 3534 938 3581 non
961 3520 1059 3592 debet,
1093 3521 1124 3580 et
1146 3518 1172 3580 si

115 3624 298 3706 postsuuit
313 3623 467 3687 inciditur.
491 3623 663 3705 subjectum
685 3625 882 3700 desideratur,
906 3627 985 3707 quod
1007 3624 1171 3689 desiderari

115 3748 204 3812 posse
227 3730 427 3794 Heinricbins
449 3734 530 3794 recte
553 3734 655 3811 negat.
678 3730 789 3794 Vetera
812 3750 931 3813 quoque
955 3732 1066 3796 scholia
1082 3750 1170 3796 voces

115 3836 283 3901 laudabile
304 3857 420 3901 uoueu
442 3838 588 3918 jungunt.
635 3840 670 3904 ln
704 3842 824 3902 tantum
848 3840 1028 3921 interpretes
1052 3838 1170 3901 dissen-

116 3947 208 4009 tiunt.
252 3945 352 4026 'Poeta
378 3944 557 4008 Ventidium
581 3963 640 4010 non
662 3945 774 4025 laudat,
815 3949 867 4010 sed
892 3966 983 4027 quum
1008 3946 1091 4008 dives
1120 3946 1171 4021 sit,

115 4053 181 4116 eius
203 4052 352 4115 luxuriam
377 4058 467 4132 atque
496 4052 568 4116 vitae
596 4053 788 4133 splendorem
812 4054 984 4117 nominibus
1007 4052 1109 4134 probis
1131 4053 1172 4115 ab
