2566 4404
122 212 183 276 142
557 211 601 264 De
621 211 728 279 ellipsi.

115 416 209 493 turpe
230 413 363 494 aepabo't
387 411 585 477 Translatus
606 412 713 476 subito
737 413 783 477 ud
800 414 943 478 Morsus
963 435 1148 496 mansumque

115 519 281 584 Sabellam
302 521 477 603 Madvigius
499 519 632 600 nepulit
662 521 809 598 restitnit,
844 527 875 586 et
909 524 1039 587 conferri
1068 524 1150 606 potest

114 629 217 692 satirae
250 629 390 693 secundae
424 648 451 690 v.
477 631 532 694 70:
576 625 772 706 Damoetae,
805 631 838 692 si
865 631 926 707 eis,
961 631 1060 693 etiam
1082 628 1147 694 Cor·

105 736 212 819 fimat
246 724 345 800 talem
367 735 445 799 Non
467 737 572 797 sumet
594 734 753 798 damoeta
776 738 895 818 tapam,
931 739 984 819 qui
1017 737 1098 802 loeus
1120 736 1147 799 ad

114 845 344 925 grammaticam
379 843 529 907 rationem
558 842 770 906 illustrandam
806 843 918 908 eximie
942 844 1148 909 aooommodata

115 952 163 1013 est
197 949 265 1032 (ofr.
289 950 374 1033 Virg.
398 951 474 1013 Aen.
498 950 555 1025 ΙΙΙ,
578 953 643 1015 460
680 947 869 1030 Corsosque
897 950 992 1016 dedit
1015 953 1148 1016 emerato

115 1057 298 1133 secundos).
342 1057 441 1121 Simili
464 1057 554 1121 modo
576 1056 607 1118 in
630 1059 688 1120 sat.
698 1056 736 1120 X.
758 1076 784 1121 v.
810 1060 853 1122 22
880 1056 1148 1124 Ouatabitooeoos

115 1181 227 1226 eorum
251 1163 379 1228 latrone
399 1165 509 1227 uiator
541 1164 676 1228 eondieio
704 1164 736 1228 in
763 1165 914 1246 adjectivo
936 1185 1060 1230 ooouus
1080 1166 1146 1239 latet.

114 1272 147 1333 ot
169 1271 226 1334 hoo
249 1271 433 1354 adjectivum
456 1271 579 1335 vocibus
601 1272 794 1352 praegressis:
823 1271 942 1337 Poura
964 1273 1038 1339 licet
1050 1275 1145 1354 poue

69 1425 77 1440 .
116 1377 491 1458 arpentiouseolupura'‚
515 1377 618 1442 Noeta
638 1380 702 1442 iter
722 1381 894 1460 inpressos
914 1379 1063 1461 plodiom
1082 1399 1141 1444 eon

117 1487 247 1565 tumque
274 1485 409 1561 timebis,
432 1485 507 1548 satis
530 1485 681 1549 definitur.

201 1593 407 1667 Masoulinunr
442 1596 473 1656 et
508 1592 688 1656 femininum
713 1594 900 1675 pronominis
923 1591 1143 1663 demonstrativi,

115 1699 194 1780 quod
218 1703 264 1763 est
286 1701 325 1776 is,
349 1718 445 1781 genus
464 1700 542 1780 apud
555 1701 739 1765 Juvenalem
762 1701 806 1783 [et
818 1702 958 1765 Persium
975 1698 1142 1781 FlamumPt

114 1806 166 1886 qui
190 1811 297 1871 neutro
319 1807 505 1889 pronominis
528 1827 595 1871 raro
617 1808 719 1871 utitur·
737 1807 786 1882 (o'd
798 1808 915 1870 attium
937 1808 994 1885 111,
1023 1811 1084 1880 182,
1102 1804 1141 1876 Vl,

114 1915 193 1993 4133
217 1914 380 1995 quidquid
399 1914 436 1977 a'd
457 1918 505 1977 est
526 1915 595 1989 VII,
624 1917 682 1980 172
704 1915 927 2000 elr·.·Pers.IIl,
951 1918 1001 1991 95,
1025 1914 1073 1986 VI,
1092 1913 1139 1987 dt),

112 2037 171 2083 non
183 2019 351 2095 inreritum
375 2022 538 2086 satirarum
561 2023 641 2086 enim
664 2023 793 2103 scriptor
815 2023 851 2085 de
867 2022 993 2085 remotis
1008 2025 1137 2100 tamquam

113 2126 150 2189 de
173 2129 373 2208 praesentibus
395 2129 479 2211 loqui
507 2132 599 2205 amat,
634 2148 699 2192 rem
725 2129 807 2192 osmi
835 2147 925 2209 posse
954 2128 1050 2210 fingit,
1080 2141 1137 2207 pra·

112 2234 210 2296 sentia
233 2237 327 2298 notat.
373 2237 543 2300 Pronomeu
566 2236 728 2299 relativum
751 2235 846 2299 semel
867 2235 1002 2316 positum
1024 2235 1059 2297 ad
1079 2232 1135 2296 alte·

111 2358 177 2403 rum
202 2342 346 2406 orationis
370 2342 540 2406 membrum
562 2342 622 2406 alio
645 2362 716 2406 ousu
740 2342 837 2406 audiri
858 2360 956 2422 posse,
983 2336 1132 2420 Madvigius

110 2446 218 2522 looum,
251 2449 303 2529 qui
332 2451 364 2514 in
394 2450 487 2513 satira
509 2449 607 2531 prima
628 2468 654 2512 a.
679 2468 705 2513 v.
731 2453 791 2515 155
814 2449 858 2512 sio
880 2449 1012 2530 scriptus
1034 2447 1134 2528 legitur:

197 2623 287 2687 Pone
314 2622 529 2705 Ttpello‘rtum:
552 2623 637 2686 tuedo
660 2623 780 2686 lucebis
801 2623 838 2685 o'a
860 2621 923 2685 o'lla
1112 2700 1118 2713 Ι

200 2732 274 2813 Qua
295 2735 422 2795 stantes
446 2731 572 2807 arderet,
596 2731 654 2811 qut
666 2731 737 2815 floro
759 2733 891 2810 pultare
906 2728 1051 2812 foetent,

195 2839 242 2902 Et
264 2838 368 2902 latum
390 2839 497 2902 ooedt'u
518 2837 644 2900 solcum
666 2837 795 2901 deducit
816 2856 930 2900 oreae.

111 3050 254 3096 enarrans
267 3030 378 3104 docuit,
402 3034 493 3110 atque
516 3046 679 3109 pronomen
704 3047 775 3107 oute
796 3029 834 3091 ad
848 3027 981 3092 alterum
991 3014 1176 3118 memordit

111 3158 145 3202 ex
168 3158 242 3203 oasu
265 3137 387 3218 obliquo
406 3156 472 3216 pue
490 3136 656 3198 eruendum
680 3153 745 3198 esse
769 3135 996 3205 demonstravit,
1019 3102 1183 3196 etsiuvl‘

110 3244 283 3326 exemplum
308 3247 392 3308 iocus
420 3242 545 3324 praebet,
579 3242 631 3323 qui
659 3242 689 3305 in
720 3241 812 3305 satira
839 3240 1086 3321 decimaquinta
1167 3207 1183 3283 i*

115 3352 329 3432 169)legitur:
357 3352 502 3431 Quorum
524 3368 591 3412 aon
612 3347 733 3433 suffieit
754 3349 815 3411 o'rce
829 3345 992 3411 Oooodo'sso
1008 3333 1182 3433 altered}

109 3458 168 3522 sed
182 3460 329 3538 pectora,
355 3457 498 3533 bruchio,
521 3454 646 3518 uultum
668 3454 864 3519 credideriut
885 3473 989 3535 penus
1005 3473 1070 3518 esse
1083 3444 1181 3514 ull

110 3565 153 3628 Ex
178 3583 251 3627 oasu
276 3563 395 3644 obliquo
419 3583 476 3627 non
500 3564 608 3639 solum,
642 3567 676 3625 ut
698 3564 746 3625 his
768 3560 852 3637 locis,
884 3562 1080 3625 nominativus
1175 3547 1182 3591 ⁵

110 3670 301 3735 aecusativus
324 3688 442 3751 quoque
465 3669 561 3733 audiri
584 3672 692 3750 potest„
716 3667 801 3731 etin
825 3669 927 3731 satirae
950 3672 1079 3733 sextaev.
1167 3644 1179 3703 ¹

928 3829 1181 3870 —J

137 3982 157 4046 ¹)
175 3979 260 4049 Apud
279 3979 437 4046 Horatium,
463 3992 633 4045 quamquam
649 3977 696 4029 hio
713 3982 801 4043 poeta
818 3976 992 4042 pronomina,
1011 3985 1069 4039 quae
1118 3960 1181 4008 ¹³⁰⁴

169 4068 209 4120 tic
228 4074 259 4123 et
276 4067 331 4138 alle,
348 4066 440 4121 multo
462 4063 573 4134 saepius
590 4061 688 4130 ponit,
703 4059 816 4126 passim
831 4059 967 4108 desumit.
