<?xml version="1.0" encoding="UTF-8"?>
<!DOCTYPE html PUBLIC "-//W3C//DTD XHTML 1.0 Transitional//EN"
    "http://www.w3.org/TR/xhtml1/DTD/xhtml1-transitional.dtd">
<html xmlns="http://www.w3.org/1999/xhtml" xml:lang="en" lang="en">
 <head>
  <title>
</title>
<meta http-equiv="Content-Type" content="text/html;charset=utf-8" />
  <meta name='ocr-system' content='tesseract 3.04.00' />
  <meta name='ocr-capabilities' content='ocr_page ocr_carea ocr_par ocr_line ocrx_word'/>
</head>
<body>
  <div class='ocr_page' id='page_1' title='image "./sermonemdjuniij00kiaegoog_0070.png"; bbox 0 0 2566 4404; ppageno 0'>
   <div class='ocr_carea' id='block_1_1' title="bbox 363 204 1127 274">
    <p class='ocr_par' dir='ltr' id='par_1_1' title="bbox 363 204 1127 274">
     <span class='ocr_line' id='line_1_1' title="bbox 363 204 1127 274; baseline 0.009 -15"><span class='ocrx_word' id='word_1_1' title='bbox 363 204 407 259; x_wconf 86' lang='lat' dir='ltr'>De</span> <span class='ocrx_word' id='word_1_2' title='bbox 425 204 556 260; x_wconf 83' lang='lat' dir='ltr'>liberiore</span> <span class='ocrx_word' id='word_1_3' title='bbox 575 206 718 269; x_wconf 83' lang='lat' dir='ltr'>verborum</span> <span class='ocrx_word' id='word_1_4' title='bbox 736 204 841 274; x_wconf 81' lang='lat' dir='ltr'>positu.</span> <span class='ocrx_word' id='word_1_5' title='bbox 1087 212 1127 274; x_wconf 68' lang='lat'>57</span> 
     </span>
    </p>
   </div>
   <div class='ocr_carea' id='block_1_2' title="bbox 111 409 1216 3606">
    <p class='ocr_par' dir='ltr' id='par_1_2' title="bbox 111 409 1216 3606">
     <span class='ocr_line' id='line_1_2' title="bbox 111 409 1129 494; baseline 0.001 -20"><span class='ocrx_word' id='word_1_6' title='bbox 111 410 230 484; x_wconf 78' lang='lat' dir='ltr'>sfertur,</span> <span class='ocrx_word' id='word_1_7' title='bbox 263 410 342 491; x_wconf 91' lang='lat' dir='ltr'>quod</span> <span class='ocrx_word' id='word_1_8' title='bbox 376 409 523 492; x_wconf 87' lang='lat' dir='ltr'>adjectivo</span> <span class='ocrx_word' id='word_1_9' title='bbox 554 409 717 492; x_wconf 83' lang='lat' dir='ltr'>(genetivo,</span> <span class='ocrx_word' id='word_1_10' title='bbox 743 411 909 493; x_wconf 88' lang='lat' dir='ltr'>participio,</span> <span class='ocrx_word' id='word_1_11' title='bbox 942 411 1129 494; x_wconf 83' lang='lat' dir='ltr'><strong>pronomine)</strong></span> 
     </span>
     <span class='ocr_line' id='line_1_3' title="bbox 112 516 1128 600; baseline 0 -18"><span class='ocrx_word' id='word_1_12' title='bbox 112 517 200 582; x_wconf 72' lang='lat' dir='ltr'>trtius</span> <span class='ocrx_word' id='word_1_13' title='bbox 226 516 380 592; x_wconf 87' lang='lat' dir='ltr'>delinitur,</span> <span class='ocrx_word' id='word_1_14' title='bbox 413 535 431 580; x_wconf 85' lang='lat' dir='ltr'>a</span> <span class='ocrx_word' id='word_1_15' title='bbox 453 517 642 580; x_wconf 81' lang='lat' dir='ltr'>substantivo</span> <span class='ocrx_word' id='word_1_16' title='bbox 664 518 817 582; x_wconf 78' lang='lat' dir='ltr'>divellitur</span> <span class='ocrx_word' id='word_1_17' title='bbox 838 518 890 582; x_wconf 88' lang='lat' dir='ltr'>illa</span> <span class='ocrx_word' id='word_1_18' title='bbox 911 518 1041 600; x_wconf 84' lang='lat' dir='ltr'>quidem,</span> <span class='ocrx_word' id='word_1_19' title='bbox 1076 519 1128 582; x_wconf 90' lang='lat' dir='ltr'>sed</span> 
     </span>
     <span class='ocr_line' id='line_1_4' title="bbox 113 624 1129 708; baseline 0.001 -19"><span class='ocrx_word' id='word_1_20' title='bbox 113 624 185 690; x_wconf 80' lang='lat' dir='ltr'>ulto</span> <span class='ocrx_word' id='word_1_21' title='bbox 212 624 322 707; x_wconf 86' lang='lat' dir='ltr'>saepius</span> <span class='ocrx_word' id='word_1_22' title='bbox 356 627 444 707; x_wconf 87' lang='lat' dir='ltr'>poeta</span> <span class='ocrx_word' id='word_1_23' title='bbox 478 624 633 706; x_wconf 85' lang='lat' dir='ltr'>vulgarem</span> <span class='ocrx_word' id='word_1_24' title='bbox 660 625 809 708; x_wconf 86' lang='lat' dir='ltr'>pedestris</span> <span class='ocrx_word' id='word_1_25' title='bbox 825 625 975 690; x_wconf 79' lang='lat' dir='ltr'>‘orationis</span> <span class='ocrx_word' id='word_1_26' title='bbox 996 625 1129 708; x_wconf 90' lang='lat' dir='ltr'>positum</span> 
     </span>
     <span class='ocr_line' id='line_1_5' title="bbox 114 729 1128 813; baseline 0.002 -20"><span class='ocrx_word' id='word_1_27' title='bbox 114 735 189 797; x_wconf 66' lang='lat' dir='ltr'>srvat</span> <span class='ocrx_word' id='word_1_28' title='bbox 210 731 353 808; x_wconf 55' lang='lat' dir='ltr'>(lilaea</span> <span class='ocrx_word' id='word_1_29' title='bbox 374 729 549 796; x_wconf 77' lang='lat' dir='ltr'>Recubeas</span> <span class='ocrx_word' id='word_1_30' title='bbox 580 733 639 797; x_wconf 79' lang='lat' dir='ltr'>sut</span> <span class='ocrx_word' id='word_1_31' title='bbox 672 733 779 798; x_wconf 83' lang='lat' dir='ltr'>eodem</span> <span class='ocrx_word' id='word_1_32' title='bbox 800 752 961 797; x_wconf 82' lang='lat' dir='ltr'>marmore</span> <span class='ocrx_word' id='word_1_33' title='bbox 985 731 1128 813; x_wconf 74' lang='lat' dir='ltr'>Chiron).</span> 
     </span>
     <span class='ocr_line' id='line_1_6' title="bbox 115 838 1129 931; baseline 0.001 -27"><span class='ocrx_word' id='word_1_34' title='bbox 115 839 148 904; x_wconf 93' lang='lat' dir='ltr'>bi</span> <span class='ocrx_word' id='word_1_35' title='bbox 169 838 401 931; x_wconf 83' lang='lat' dir='ltr'>substantivum,</span> <span class='ocrx_word' id='word_1_36' title='bbox 433 838 482 902; x_wconf 88' lang='lat' dir='ltr'>cui</span> <span class='ocrx_word' id='word_1_37' title='bbox 503 839 683 922; x_wconf 76' lang='lat' dir='ltr'>adjectivum</span> <span class='ocrx_word' id='word_1_38' title='bbox 706 840 848 914; x_wconf 77' lang='lat' dir='ltr'>adheret,</span> <span class='ocrx_word' id='word_1_39' title='bbox 880 859 899 904; x_wconf 86' lang='lat' dir='ltr'>a</span> <span class='ocrx_word' id='word_1_40' title='bbox 920 840 1129 922; x_wconf 71' lang='lat' dir='ltr'>praepositione</span> 
     </span>
     <span class='ocr_line' id='line_1_7' title="bbox 116 936 1216 1030; baseline -0.004 -19"><span class='ocrx_word' id='word_1_41' title='bbox 116 946 208 1024; x_wconf 71' lang='lat' dir='ltr'>endet,</span> <span class='ocrx_word' id='word_1_42' title='bbox 229 947 295 1010; x_wconf 82' lang='lat' dir='ltr'>haec</span> <span class='ocrx_word' id='word_1_43' title='bbox 319 936 469 1009; x_wconf 86' lang='lat' dir='ltr'>interdum</span> <span class='ocrx_word' id='word_1_44' title='bbox 488 946 634 1028; x_wconf 83' lang='lat' dir='ltr'>adjectivo</span> <span class='ocrx_word' id='word_1_45' title='bbox 652 947 694 1011; x_wconf 90' lang='lat' dir='ltr'>ita</span> <span class='ocrx_word' id='word_1_46' title='bbox 710 947 908 1030; x_wconf 81' lang='lat' dir='ltr'>anteponitur,</span> <span class='ocrx_word' id='word_1_47' title='bbox 931 951 966 1011; x_wconf 93' lang='lat' dir='ltr'>ut</span> <span class='ocrx_word' id='word_1_48' title='bbox 988 947 1129 1012; x_wconf 84' lang='lat' dir='ltr'>substan·</span> <span class='ocrx_word' id='word_1_49' title='bbox 1210 994 1216 1007; x_wconf 92' lang='lat'>.</span> 
     </span>
     <span class='ocr_line' id='line_1_8' title="bbox 117 1053 1127 1134; baseline 0.001 -17"><span class='ocrx_word' id='word_1_50' title='bbox 117 1072 187 1118; x_wconf 90' lang='lat' dir='ltr'>vum</span> <span class='ocrx_word' id='word_1_51' title='bbox 209 1053 346 1134; x_wconf 87' lang='lat' dir='ltr'>pluribus</span> <span class='ocrx_word' id='word_1_52' title='bbox 367 1053 489 1117; x_wconf 90' lang='lat' dir='ltr'>vocibus</span> <span class='ocrx_word' id='word_1_53' title='bbox 511 1054 699 1119; x_wconf 79' lang='lat' dir='ltr'>retrahatur:</span> <span class='ocrx_word' id='word_1_54' title='bbox 722 1056 762 1128; x_wconf 90' lang='lat' dir='ltr'>II,</span> <span class='ocrx_word' id='word_1_55' title='bbox 777 1059 816 1121; x_wconf 87' lang='grc'>10</span> <span class='ocrx_word' id='word_1_56' title='bbox 837 1055 930 1120; x_wconf 80' lang='lat' dir='ltr'>Inter</span> <span class='ocrx_word' id='word_1_57' title='bbox 941 1053 1127 1120; x_wconf 77' lang='lat' dir='ltr'>Socraticos</span> 
     </span>
     <span class='ocr_line' id='line_1_9' title="bbox 118 1159 1129 1246; baseline 0.002 -21"><span class='ocrx_word' id='word_1_58' title='bbox 118 1161 261 1226; x_wconf 66' lang='lat' dir='ltr'>elisame</span> <span class='ocrx_word' id='word_1_59' title='bbox 275 1159 373 1243; x_wconf 82' lang='lat' dir='ltr'>fosse</span> <span class='ocrx_word' id='word_1_60' title='bbox 395 1159 537 1225; x_wconf 78' lang='lat' dir='ltr'>cinoedos</span> <span class='ocrx_word' id='word_1_61' title='bbox 559 1161 612 1226; x_wconf 86' lang='lat' dir='ltr'>cfr.</span> <span class='ocrx_word' id='word_1_62' title='bbox 635 1162 755 1231; x_wconf 75' lang='lat' dir='ltr'>vinna</span> <span class='ocrx_word' id='word_1_63' title='bbox 778 1166 916 1244; x_wconf 87' lang='lat' dir='ltr'>(utroque</span> <span class='ocrx_word' id='word_1_64' title='bbox 938 1162 1006 1226; x_wconf 90' lang='lat' dir='ltr'>loco</span> <span class='ocrx_word' id='word_1_65' title='bbox 1029 1163 1129 1246; x_wconf 89' lang='lat' dir='ltr'>adjec-</span> 
     </span>
     <span class='ocr_line' id='line_1_10' title="bbox 119 1266 1129 1351; baseline 0 -18"><span class='ocrx_word' id='word_1_66' title='bbox 119 1287 185 1333; x_wconf 88' lang='lat' dir='ltr'>vum</span> <span class='ocrx_word' id='word_1_67' title='bbox 209 1269 240 1331; x_wconf 87' lang='lat' dir='ltr'>in</span> <span class='ocrx_word' id='word_1_68' title='bbox 264 1287 386 1344; x_wconf 85' lang='lat' dir='ltr'>caesura,</span> <span class='ocrx_word' id='word_1_69' title='bbox 417 1268 640 1333; x_wconf 88' lang='lat' dir='ltr'>substantivum</span> <span class='ocrx_word' id='word_1_70' title='bbox 662 1268 694 1332; x_wconf 93' lang='lat' dir='ltr'>in</span> <span class='ocrx_word' id='word_1_71' title='bbox 716 1266 852 1333; x_wconf 86' lang='lat' dir='ltr'>clausula</span> <span class='ocrx_word' id='word_1_72' title='bbox 874 1288 977 1334; x_wconf 88' lang='lat' dir='ltr'>versus</span> <span class='ocrx_word' id='word_1_73' title='bbox 999 1271 1129 1351; x_wconf 86' lang='lat' dir='ltr'>ponitur,</span> 
     </span>
     <span class='ocr_line' id='line_1_11' title="bbox 120 1375 1128 1459; baseline 0.001 -20"><span class='ocrx_word' id='word_1_74' title='bbox 120 1393 183 1439; x_wconf 85' lang='lat' dir='ltr'>ram</span> <span class='ocrx_word' id='word_1_75' title='bbox 215 1375 456 1459; x_wconf 84' lang='lat' dir='ltr'>distributionem</span> <span class='ocrx_word' id='word_1_76' title='bbox 488 1380 608 1459; x_wconf 88' lang='lat' dir='ltr'>poetam</span> <span class='ocrx_word' id='word_1_77' title='bbox 635 1376 784 1459; x_wconf 87' lang='lat' dir='ltr'>praecipue</span> <span class='ocrx_word' id='word_1_78' title='bbox 812 1394 912 1440; x_wconf 86' lang='lat' dir='ltr'>amare</span> <span class='ocrx_word' id='word_1_79' title='bbox 937 1377 1002 1459; x_wconf 89' lang='lat' dir='ltr'>jam</span> <span class='ocrx_word' id='word_1_80' title='bbox 1026 1379 1128 1442; x_wconf 85' lang='lat' dir='ltr'>docui·</span> 
     </span>
     <span class='ocr_line' id='line_1_12' title="bbox 121 1482 1128 1566; baseline 0.003 -21"><span class='ocrx_word' id='word_1_81' title='bbox 121 1485 182 1565; x_wconf 83' lang='lat' dir='ltr'>ns),</span> <span class='ocrx_word' id='word_1_82' title='bbox 205 1483 252 1546; x_wconf 91' lang='lat' dir='ltr'>vel</span> <span class='ocrx_word' id='word_1_83' title='bbox 274 1483 354 1547; x_wconf 87' lang='lat' dir='ltr'>inter</span> <span class='ocrx_word' id='word_1_84' title='bbox 375 1483 557 1566; x_wconf 80' lang='lat' dir='ltr'>adjectivum</span> <span class='ocrx_word' id='word_1_85' title='bbox 579 1485 611 1546; x_wconf 88' lang='lat' dir='ltr'>et</span> <span class='ocrx_word' id='word_1_86' title='bbox 632 1482 853 1547; x_wconf 87' lang='lat' dir='ltr'>substantivum</span> <span class='ocrx_word' id='word_1_87' title='bbox 864 1484 909 1546; x_wconf 85' lang='lat' dir='ltr'>ita</span> <span class='ocrx_word' id='word_1_88' title='bbox 920 1485 1128 1566; x_wconf 88' lang='lat' dir='ltr'>interponitur,</span> 
     </span>
     <span class='ocr_line' id='line_1_13' title="bbox 122 1589 1129 1681; baseline 0.002 -29"><span class='ocrx_word' id='word_1_89' title='bbox 122 1589 224 1653; x_wconf 80' lang='lat' dir='ltr'>·.illud</span> <span class='ocrx_word' id='word_1_90' title='bbox 244 1591 324 1655; x_wconf 90' lang='lat' dir='ltr'>vocis</span> <span class='ocrx_word' id='word_1_91' title='bbox 346 1589 528 1681; x_wconf 80' lang='lat' dir='ltr'>interpositu</span> <span class='ocrx_word' id='word_1_92' title='bbox 550 1590 725 1654; x_wconf 88' lang='lat' dir='ltr'>divellatur:</span> <span class='ocrx_word' id='word_1_93' title='bbox 754 1590 835 1667; x_wconf 84' lang='lat' dir='ltr'>XIV,</span> <span class='ocrx_word' id='word_1_94' title='bbox 848 1594 890 1657; x_wconf 85' lang='grc'>68</span> <span class='ocrx_word' id='word_1_95' title='bbox 919 1589 960 1656; x_wconf 86' lang='lat' dir='ltr'>Ut</span> <span class='ocrx_word' id='word_1_96' title='bbox 982 1595 1129 1655; x_wconf 79' lang='lat' dir='ltr'>sonetum</span> 
     </span>
     <span class='ocr_line' id='line_1_14' title="bbox 122 1696 1129 1779; baseline 0 -17"><span class='ocrx_word' id='word_1_97' title='bbox 122 1697 179 1762; x_wconf 81' lang='lat' dir='ltr'>&#39;ius</span> <span class='ocrx_word' id='word_1_98' title='bbox 201 1698 288 1762; x_wconf 74' lang='lat' dir='ltr'>emat</span> <span class='ocrx_word' id='word_1_99' title='bbox 308 1697 459 1778; x_wconf 69' lang='lat' dir='ltr'>Aspledon</span> <span class='ocrx_word' id='word_1_100' title='bbox 486 1699 558 1762; x_wconf 79' lang='lat' dir='ltr'>siae</span> <span class='ocrx_word' id='word_1_101' title='bbox 591 1696 661 1762; x_wconf 83' lang='lat' dir='ltr'>lube</span> <span class='ocrx_word' id='word_1_102' title='bbox 693 1696 820 1761; x_wconf 79' lang='lat' dir='ltr'>domam</span> <span class='ocrx_word' id='word_1_103' title='bbox 841 1699 943 1779; x_wconf 85' lang='lat' dir='ltr'>(modo</span> <span class='ocrx_word' id='word_1_104' title='bbox 976 1699 1033 1762; x_wconf 90' lang='lat' dir='ltr'>hoc</span> <span class='ocrx_word' id='word_1_105' title='bbox 1064 1698 1129 1762; x_wconf 89' lang='lat' dir='ltr'>loco</span> 
     </span>
     <span class='ocr_line' id='line_1_15' title="bbox 123 1805 1129 1888; baseline 0.001 -21"><span class='ocrx_word' id='word_1_106' title='bbox 123 1817 182 1870; x_wconf 72' lang='lat' dir='ltr'>»eta</span> <span class='ocrx_word' id='word_1_107' title='bbox 203 1807 246 1870; x_wconf 87' lang='lat' dir='ltr'>sic</span> <span class='ocrx_word' id='word_1_108' title='bbox 268 1806 365 1883; x_wconf 82' lang='lat' dir='ltr'>dixit),</span> <span class='ocrx_word' id='word_1_109' title='bbox 399 1805 447 1869; x_wconf 92' lang='lat' dir='ltr'>vel</span> <span class='ocrx_word' id='word_1_110' title='bbox 479 1806 559 1869; x_wconf 91' lang='lat' dir='ltr'>inter</span> <span class='ocrx_word' id='word_1_111' title='bbox 588 1805 811 1869; x_wconf 85' lang='lat' dir='ltr'>substantivum</span> <span class='ocrx_word' id='word_1_112' title='bbox 833 1809 926 1887; x_wconf 91' lang='lat' dir='ltr'>atque</span> <span class='ocrx_word' id='word_1_113' title='bbox 948 1805 1129 1888; x_wconf 82' lang='lat' dir='ltr'>adjectivum</span> 
     </span>
     <span class='ocr_line' id='line_1_16' title="bbox 124 1894 1131 1993; baseline 0.001 -17"><span class='ocrx_word' id='word_1_114' title='bbox 124 1914 249 1977; x_wconf 80' lang='lat' dir='ltr'>tharsus</span> <span class='ocrx_word' id='word_1_115' title='bbox 269 1894 474 1977; x_wconf 86' lang='lat' dir='ltr'>interseritur:</span> <span class='ocrx_word' id='word_1_116' title='bbox 512 1911 597 1986; x_wconf 89' lang='lat' dir='ltr'>VIII,</span> <span class='ocrx_word' id='word_1_117' title='bbox 623 1914 681 1977; x_wconf 85' lang='lat'>194</span> <span class='ocrx_word' id='word_1_118' title='bbox 712 1911 864 1976; x_wconf 81' lang='lat' dir='ltr'>Statuam</span> <span class='ocrx_word' id='word_1_119' title='bbox 879 1913 1033 1993; x_wconf 79' lang='lat' dir='ltr'>pareatis</span> <span class='ocrx_word' id='word_1_120' title='bbox 1055 1915 1131 1977; x_wconf 79' lang='lat' dir='ltr'>onie</span> 
     </span>
     <span class='ocr_line' id='line_1_17' title="bbox 125 2019 1131 2101; baseline 0.001 -19"><span class='ocrx_word' id='word_1_121' title='bbox 125 2019 337 2100; x_wconf 63' lang='lat' dir='ltr'>tumpbelew</span> <span class='ocrx_word' id='word_1_122' title='bbox 360 2019 516 2094; x_wconf 65' lang='lat' dir='ltr'>visast</span> <span class='ocrx_word' id='word_1_123' title='bbox 532 2019 627 2083; x_wconf 83' lang='lat' dir='ltr'>clade</span> <span class='ocrx_word' id='word_1_124' title='bbox 648 2023 678 2083; x_wconf 87' lang='lat' dir='ltr'>et</span> <span class='ocrx_word' id='word_1_125' title='bbox 692 2024 785 2100; x_wconf 78' lang='lat' dir='ltr'>peste</span> <span class='ocrx_word' id='word_1_126' title='bbox 805 2020 864 2084; x_wconf 83' lang='lat' dir='ltr'>sat</span> <span class='ocrx_word' id='word_1_127' title='bbox 887 2019 948 2082; x_wconf 82' lang='lat' dir='ltr'>illa</span> <span class='ocrx_word' id='word_1_128' title='bbox 970 2028 1131 2101; x_wconf 85' lang='lat' dir='ltr'>(nusquam</span> 
     </span>
     <span class='ocr_line' id='line_1_18' title="bbox 125 2126 1131 2210; baseline 0 -20"><span class='ocrx_word' id='word_1_129' title='bbox 125 2126 167 2191; x_wconf 92' lang='lat' dir='ltr'>ibi</span> <span class='ocrx_word' id='word_1_130' title='bbox 195 2129 272 2209; x_wconf 90' lang='lat' dir='ltr'>apud</span> <span class='ocrx_word' id='word_1_131' title='bbox 294 2127 473 2193; x_wconf 86' lang='lat' dir='ltr'>Juvenalem</span> <span class='ocrx_word' id='word_1_132' title='bbox 507 2127 687 2210; x_wconf 77' lang='lat' dir='ltr'>prepositio,</span> <span class='ocrx_word' id='word_1_133' title='bbox 720 2147 786 2210; x_wconf 81' lang='lat' dir='ltr'>quer</span> <span class='ocrx_word' id='word_1_134' title='bbox 820 2129 893 2192; x_wconf 90' lang='lat' dir='ltr'>duas</span> <span class='ocrx_word' id='word_1_135' title='bbox 926 2146 1014 2192; x_wconf 87' lang='lat' dir='ltr'>voees</span> <span class='ocrx_word' id='word_1_136' title='bbox 1043 2128 1131 2210; x_wconf 90' lang='lat' dir='ltr'>regit,</span> 
     </span>
     <span class='ocr_line' id='line_1_19' title="bbox 126 2235 1131 2319; baseline 0.001 -21"><span class='ocrx_word' id='word_1_137' title='bbox 126 2235 215 2316; x_wconf 84' lang='lat' dir='ltr'>nique</span> <span class='ocrx_word' id='word_1_138' title='bbox 236 2235 403 2316; x_wconf 89' lang='lat' dir='ltr'>postposita</span> <span class='ocrx_word' id='word_1_139' title='bbox 424 2240 493 2300; x_wconf 88' lang='lat' dir='ltr'>ante</span> <span class='ocrx_word' id='word_1_140' title='bbox 517 2235 701 2319; x_wconf 88' lang='lat' dir='ltr'>adjectivum</span> <span class='ocrx_word' id='word_1_141' title='bbox 723 2236 880 2318; x_wconf 87' lang='lat' dir='ltr'>utriusque</span> <span class='ocrx_word' id='word_1_142' title='bbox 899 2254 1058 2299; x_wconf 87' lang='lat' dir='ltr'>commune</span> <span class='ocrx_word' id='word_1_143' title='bbox 1077 2253 1131 2316; x_wconf 89' lang='lat' dir='ltr'>po·</span> 
     </span>
     <span class='ocr_line' id='line_1_20' title="bbox 126 2341 1131 2435; baseline -0.001 -29"><span class='ocrx_word' id='word_1_144' title='bbox 126 2343 156 2406; x_wconf 84' lang='lat' dir='ltr'>ta</span> <span class='ocrx_word' id='word_1_145' title='bbox 176 2343 349 2435; x_wconf 88' lang='lat' dir='ltr'>invenitur),</span> <span class='ocrx_word' id='word_1_146' title='bbox 372 2345 425 2408; x_wconf 89' lang='lat' dir='ltr'>sed</span> <span class='ocrx_word' id='word_1_147' title='bbox 447 2345 556 2425; x_wconf 89' lang='lat' dir='ltr'>praeter</span> <span class='ocrx_word' id='word_1_148' title='bbox 566 2341 791 2425; x_wconf 87' lang='lat' dir='ltr'>praepositiones</span> <span class='ocrx_word' id='word_1_149' title='bbox 810 2346 887 2408; x_wconf 79' lang='lat' dir='ltr'>oete</span> <span class='ocrx_word' id='word_1_150' title='bbox 904 2347 935 2406; x_wconf 91' lang='lat' dir='ltr'>et</span> <span class='ocrx_word' id='word_1_151' title='bbox 945 2343 1032 2407; x_wconf 77' lang='lat' dir='ltr'>inter</span> <span class='ocrx_word' id='word_1_152' title='bbox 1042 2343 1131 2405; x_wconf 91' lang='lat' dir='ltr'>modo</span> 
     </span>
     <span class='ocr_line' id='line_1_21' title="bbox 127 2448 1131 2532; baseline 0.002 -22"><span class='ocrx_word' id='word_1_153' title='bbox 127 2448 320 2529; x_wconf 86' lang='lat' dir='ltr'>·aepositiones</span> <span class='ocrx_word' id='word_1_154' title='bbox 342 2451 555 2532; x_wconf 73' lang='lat' dir='ltr'>monosyllabae</span> <span class='ocrx_word' id='word_1_155' title='bbox 574 2450 618 2513; x_wconf 86' lang='lat' dir='ltr'>sic</span> <span class='ocrx_word' id='word_1_156' title='bbox 634 2466 702 2512; x_wconf 90' lang='lat' dir='ltr'>raro</span> <span class='ocrx_word' id='word_1_157' title='bbox 712 2454 873 2530; x_wconf 88' lang='lat' dir='ltr'>ponuntur,</span> <span class='ocrx_word' id='word_1_158' title='bbox 896 2468 992 2531; x_wconf 90' lang='lat' dir='ltr'>neque</span> <span class='ocrx_word' id='word_1_159' title='bbox 1004 2466 1131 2531; x_wconf 90' lang='lat' dir='ltr'>nsquam</span> 
     </span>
     <span class='ocr_line' id='line_1_22' title="bbox 127 2552 1132 2640; baseline 0 -21"><span class='ocrx_word' id='word_1_160' title='bbox 127 2556 277 2637; x_wconf 65' lang='lat' dir='ltr'>*aepositiq</span> <span class='ocrx_word' id='word_1_161' title='bbox 293 2557 352 2620; x_wconf 92' lang='lat' dir='ltr'>ubi</span> <span class='ocrx_word' id='word_1_162' title='bbox 373 2557 597 2622; x_wconf 86' lang='lat' dir='ltr'>substantivum</span> <span class='ocrx_word' id='word_1_163' title='bbox 617 2556 767 2638; x_wconf 86' lang='lat' dir='ltr'>praecedit,</span> <span class='ocrx_word' id='word_1_164' title='bbox 804 2559 873 2620; x_wconf 90' lang='lat' dir='ltr'>ante</span> <span class='ocrx_word' id='word_1_165' title='bbox 902 2552 1074 2640; x_wconf 79' lang='lat' dir='ltr'>genetivum</span> <span class='ocrx_word' id='word_1_166' title='bbox 1104 2557 1132 2620; x_wconf 90' lang='lat' dir='ltr'>ei</span> 
     </span>
     <span class='ocr_line' id='line_1_23' title="bbox 128 2663 1132 2747; baseline 0.001 -21"><span class='ocrx_word' id='word_1_167' title='bbox 128 2663 271 2746; x_wconf 87' lang='lat' dir='ltr'>ljnnetum</span> <span class='ocrx_word' id='word_1_168' title='bbox 284 2665 382 2747; x_wconf 90' lang='lat' dir='ltr'>posita</span> <span class='ocrx_word' id='word_1_169' title='bbox 392 2665 580 2747; x_wconf 73' lang='lat' dir='ltr'>inveniturlj,</span> <span class='ocrx_word' id='word_1_170' title='bbox 603 2681 700 2746; x_wconf 90' lang='lat' dir='ltr'>neque</span> <span class='ocrx_word' id='word_1_171' title='bbox 715 2664 861 2745; x_wconf 85' lang='lat' dir='ltr'>adjectivo</span> <span class='ocrx_word' id='word_1_172' title='bbox 876 2664 920 2728; x_wconf 84' lang='lat' dir='ltr'>ite</span> <span class='ocrx_word' id='word_1_173' title='bbox 935 2663 1132 2746; x_wconf 85' lang='lat' dir='ltr'>postponitur,</span> 
     </span>
     <span class='ocr_line' id='line_1_24' title="bbox 128 2770 1135 2854; baseline 0.002 -22"><span class='ocrx_word' id='word_1_174' title='bbox 128 2791 132 2831; x_wconf 63' lang='grc' dir='ltr'><strong>ι</strong></span> <span class='ocrx_word' id='word_1_175' title='bbox 144 2771 364 2835; x_wconf 86' lang='lat' dir='ltr'>substantivum</span> <span class='ocrx_word' id='word_1_176' title='bbox 378 2770 592 2854; x_wconf 62' lang='lat' dir='ltr'>retrahaturlj.</span> <span class='ocrx_word' id='word_1_177' title='bbox 625 2771 709 2834; x_wconf 90' lang='lat' dir='ltr'>Inter</span> <span class='ocrx_word' id='word_1_178' title='bbox 722 2772 964 2853; x_wconf 84' lang='lat' dir='ltr'>praepositionem</span> <span class='ocrx_word' id='word_1_179' title='bbox 978 2773 1009 2834; x_wconf 88' lang='lat' dir='ltr'>et</span> <span class='ocrx_word' id='word_1_180' title='bbox 1031 2789 1135 2834; x_wconf 88' lang='lat' dir='ltr'>casum</span> 
     </span>
     <span class='ocr_line' id='line_1_25' title="bbox 129 2860 1135 2969; baseline 0 -29"><span class='ocrx_word' id='word_1_181' title='bbox 129 2897 163 2941; x_wconf 89' lang='lat' dir='ltr'>us</span> <span class='ocrx_word' id='word_1_182' title='bbox 179 2877 336 2960; x_wconf 85' lang='lat' dir='ltr'>genetivus</span> <span class='ocrx_word' id='word_1_183' title='bbox 352 2881 384 2941; x_wconf 88' lang='lat' dir='ltr'>et</span> <span class='ocrx_word' id='word_1_184' title='bbox 405 2898 472 2961; x_wconf 85' lang='lat' dir='ltr'>quae</span> <span class='ocrx_word' id='word_1_185' title='bbox 494 2880 532 2943; x_wconf 88' lang='lat' dir='ltr'>ad</span> <span class='ocrx_word' id='word_1_186' title='bbox 555 2879 636 2943; x_wconf 88' lang='lat' dir='ltr'>hunc</span> <span class='ocrx_word' id='word_1_187' title='bbox 658 2879 810 2969; x_wconf 81' lang='lat' dir='ltr'>pertinent</span> <span class='ocrx_word' id='word_1_188' title='bbox 830 2878 878 2942; x_wconf 92' lang='lat' dir='ltr'>vel</span> <span class='ocrx_word' id='word_1_189' title='bbox 900 2860 1047 2942; x_wconf 81' lang='lat' dir='ltr'>adverbia</span> <span class='ocrx_word' id='word_1_190' title='bbox 1063 2878 1135 2941; x_wconf 89' lang='lat' dir='ltr'>sub-</span> 
     </span>
     <span class='ocr_line' id='line_1_26' title="bbox 129 2985 1136 3072; baseline 0 -23"><span class='ocrx_word' id='word_1_191' title='bbox 129 2985 231 3050; x_wconf 87' lang='lat' dir='ltr'>antivo</span> <span class='ocrx_word' id='word_1_192' title='bbox 243 2985 392 3067; x_wconf 84' lang='lat' dir='ltr'>adjuncta,</span> <span class='ocrx_word' id='word_1_193' title='bbox 414 2991 449 3049; x_wconf 90' lang='lat' dir='ltr'>nt</span> <span class='ocrx_word' id='word_1_194' title='bbox 459 2986 492 3049; x_wconf 93' lang='lat' dir='ltr'>in</span> <span class='ocrx_word' id='word_1_195' title='bbox 502 3004 590 3068; x_wconf 86' lang='lat' dir='ltr'>prosa</span> <span class='ocrx_word' id='word_1_196' title='bbox 601 2986 744 3063; x_wconf 89' lang='lat' dir='ltr'>oratione,</span> <span class='ocrx_word' id='word_1_197' title='bbox 766 2987 1004 3072; x_wconf 77' lang='lat' dir='ltr'>interponuntur,</span> <span class='ocrx_word' id='word_1_198' title='bbox 1024 2988 1055 3047; x_wconf 89' lang='lat' dir='ltr'>et</span> <span class='ocrx_word' id='word_1_199' title='bbox 1076 3001 1136 3049; x_wconf 92' lang='lat' dir='ltr'>nno</span> 
     </span>
     <span class='ocr_line' id='line_1_27' title="bbox 130 3091 1186 3175; baseline -0.002 -19"><span class='ocrx_word' id='word_1_200' title='bbox 130 3111 164 3156; x_wconf 87' lang='lat' dir='ltr'>co</span> <span class='ocrx_word' id='word_1_201' title='bbox 186 3091 309 3156; x_wconf 91' lang='lat' dir='ltr'>verbum</span> <span class='ocrx_word' id='word_1_202' title='bbox 331 3093 549 3158; x_wconf 85' lang='lat' dir='ltr'>enunciationis</span> <span class='ocrx_word' id='word_1_203' title='bbox 570 3094 650 3157; x_wconf 85' lang='lat' dir='ltr'>inter</span> <span class='ocrx_word' id='word_1_204' title='bbox 670 3093 844 3175; x_wconf 85' lang='lat' dir='ltr'>genetivum</span> <span class='ocrx_word' id='word_1_205' title='bbox 866 3095 897 3156; x_wconf 89' lang='lat' dir='ltr'>et</span> <span class='ocrx_word' id='word_1_206' title='bbox 914 3091 1135 3155; x_wconf 87' lang='lat' dir='ltr'>substantivum</span> <span class='ocrx_word' id='word_1_207' title='bbox 1184 3125 1186 3128; x_wconf 96' lang='lat'>·</span> 
     </span>
     <span class='ocr_line' id='line_1_28' title="bbox 130 3198 1137 3283; baseline -0.002 -19"><span class='ocrx_word' id='word_1_208' title='bbox 130 3199 291 3282; x_wconf 84' lang='lat' dir='ltr'>terjectum</span> <span class='ocrx_word' id='word_1_209' title='bbox 313 3205 374 3263; x_wconf 88' lang='lat' dir='ltr'>est:</span> <span class='ocrx_word' id='word_1_210' title='bbox 408 3199 473 3276; x_wconf 86' lang='lat' dir='ltr'>XV,</span> <span class='ocrx_word' id='word_1_211' title='bbox 485 3203 526 3266; x_wconf 77' lang='lat'>28</span> <span class='ocrx_word' id='word_1_212' title='bbox 550 3199 656 3281; x_wconf 81' lang='lat' dir='ltr'>Super</span> <span class='ocrx_word' id='word_1_213' title='bbox 680 3199 795 3264; x_wconf 78' lang='lat' dir='ltr'>calidae</span> <span class='ocrx_word' id='word_1_214' title='bbox 815 3198 988 3283; x_wconf 78' lang='lat' dir='ltr'>reseremus</span> <span class='ocrx_word' id='word_1_215' title='bbox 1010 3199 1137 3262; x_wconf 77' lang='lat' dir='ltr'>mecedo</span> 
     </span>
     <span class='ocr_line' id='line_1_29' title="bbox 130 3306 1193 3391; baseline -0.002 -19"><span class='ocrx_word' id='word_1_216' title='bbox 130 3308 199 3388; x_wconf 83' lang='lat' dir='ltr'>opti</span> <span class='ocrx_word' id='word_1_217' title='bbox 221 3306 325 3388; x_wconf 85' lang='lat' dir='ltr'>(etiam</span> <span class='ocrx_word' id='word_1_218' title='bbox 347 3307 405 3371; x_wconf 92' lang='lat' dir='ltr'>hoc</span> <span class='ocrx_word' id='word_1_219' title='bbox 427 3308 492 3371; x_wconf 90' lang='lat' dir='ltr'>loco</span> <span class='ocrx_word' id='word_1_220' title='bbox 514 3309 696 3391; x_wconf 87' lang='lat' dir='ltr'>adjectivum</span> <span class='ocrx_word' id='word_1_221' title='bbox 718 3308 891 3383; x_wconf 79' lang='lat' dir='ltr'>incasura,</span> <span class='ocrx_word' id='word_1_222' title='bbox 914 3306 1136 3370; x_wconf 88' lang='lat' dir='ltr'>substantivum</span> <span class='ocrx_word' id='word_1_223' title='bbox 1192 3342 1193 3346; x_wconf 62' lang='lat'><em>=</em></span> 
     </span>
     <span class='ocr_line' id='line_1_30' title="bbox 154 3413 1137 3498; baseline -0.001 -19"><span class='ocrx_word' id='word_1_224' title='bbox 154 3416 213 3479; x_wconf 88' lang='lat' dir='ltr'>line</span> <span class='ocrx_word' id='word_1_225' title='bbox 234 3433 339 3478; x_wconf 89' lang='lat' dir='ltr'>versus</span> <span class='ocrx_word' id='word_1_226' title='bbox 362 3413 541 3479; x_wconf 87' lang='lat' dir='ltr'>collocatum</span> <span class='ocrx_word' id='word_1_227' title='bbox 564 3418 634 3498; x_wconf 88' lang='lat' dir='ltr'>est),</span> <span class='ocrx_word' id='word_1_228' title='bbox 669 3433 816 3497; x_wconf 90' lang='lat' dir='ltr'>nusquam</span> <span class='ocrx_word' id='word_1_229' title='bbox 846 3433 927 3493; x_wconf 90' lang='lat' dir='ltr'>vero,</span> <span class='ocrx_word' id='word_1_230' title='bbox 960 3415 1037 3496; x_wconf 89' lang='lat' dir='ltr'>quod</span> <span class='ocrx_word' id='word_1_231' title='bbox 1058 3414 1137 3496; x_wconf 87' lang='lat' dir='ltr'>apud</span> 
     </span>
     <span class='ocr_line' id='line_1_31' title="bbox 130 3521 1138 3606; baseline -0.002 -19"><span class='ocrx_word' id='word_1_232' title='bbox 130 3523 213 3588; x_wconf 89' lang='lat' dir='ltr'>iores</span> <span class='ocrx_word' id='word_1_233' title='bbox 224 3525 327 3604; x_wconf 88' lang='lat' dir='ltr'>poetas</span> <span class='ocrx_word' id='word_1_234' title='bbox 344 3521 486 3604; x_wconf 86' lang='lat' dir='ltr'>frequens</span> <span class='ocrx_word' id='word_1_235' title='bbox 498 3527 555 3604; x_wconf 85' lang='lat' dir='ltr'>est,</span> <span class='ocrx_word' id='word_1_236' title='bbox 578 3523 750 3606; x_wconf 66' lang='lat' dir='ltr'>propositio</span> <span class='ocrx_word' id='word_1_237' title='bbox 761 3540 820 3587; x_wconf 86' lang='lat' dir='ltr'>uno</span> <span class='ocrx_word' id='word_1_238' title='bbox 832 3522 879 3587; x_wconf 93' lang='lat' dir='ltr'>vel</span> <span class='ocrx_word' id='word_1_239' title='bbox 891 3522 1027 3605; x_wconf 89' lang='lat' dir='ltr'>pluribus</span> <span class='ocrx_word' id='word_1_240' title='bbox 1039 3522 1138 3586; x_wconf 87' lang='lat' dir='ltr'>verbis</span> 
     </span>
    </p>
   </div>
   <div class='ocr_carea' id='block_1_3' title="bbox 442 3711 1134 3724">
    <p class='ocr_par' dir='ltr' id='par_1_3' title="bbox 442 3711 1134 3724">
     <span class='ocr_line' id='line_1_32' title="bbox 442 3711 1134 3724; baseline -0.006 -2"><span class='ocrx_word' id='word_1_241' title='bbox 442 3711 1134 3724; x_wconf 41' lang='lat' dir='ltr'>——mq———ssq—</span> 
     </span>
    </p>
   </div>
   <div class='ocr_carea' id='block_1_4' title="bbox 128 3827 1140 3981">
    <p class='ocr_par' dir='ltr' id='par_1_4' title="bbox 128 3827 1140 3981">
     <span class='ocr_line' id='line_1_33' title="bbox 128 3827 1140 3896; baseline -0.002 -16"><span class='ocrx_word' id='word_1_242' title='bbox 128 3831 145 3896; x_wconf 85' lang='lat'>¹)</span> <span class='ocrx_word' id='word_1_243' title='bbox 165 3827 241 3896; x_wconf 84' lang='lat' dir='ltr'>Virg.</span> <span class='ocrx_word' id='word_1_244' title='bbox 260 3833 329 3882; x_wconf 89' lang='lat' dir='ltr'>Aen.</span> <span class='ocrx_word' id='word_1_245' title='bbox 348 3828 394 3896; x_wconf 85' lang='lat' dir='ltr'>vl,</span> <span class='ocrx_word' id='word_1_246' title='bbox 414 3833 446 3883; x_wconf 77' lang='lat'>58</span> <span class='ocrx_word' id='word_1_247' title='bbox 468 3830 559 3895; x_wconf 76' lang='lat' dir='ltr'>Corpus</span> <span class='ocrx_word' id='word_1_248' title='bbox 577 3832 601 3881; x_wconf 83' lang='lat' dir='ltr'>ia</span> <span class='ocrx_word' id='word_1_249' title='bbox 618 3831 740 3892; x_wconf 73' lang='lat' dir='ltr'>Aeacidae,</span> <span class='ocrx_word' id='word_1_250' title='bbox 771 3829 849 3884; x_wconf 85' lang='lat' dir='ltr'>ovid.</span> <span class='ocrx_word' id='word_1_251' title='bbox 868 3831 935 3884; x_wconf 85' lang='lat' dir='ltr'>Met.</span> <span class='ocrx_word' id='word_1_252' title='bbox 953 3830 975 3895; x_wconf 84' lang='lat' dir='ltr'>l,</span> <span class='ocrx_word' id='word_1_253' title='bbox 994 3832 1027 3882; x_wconf 80' lang='lat'>35</span> <span class='ocrx_word' id='word_1_254' title='bbox 1051 3829 1140 3895; x_wconf 71' lang='lat' dir='ltr'>Magni</span> 
     </span>
     <span class='ocr_line' id='line_1_34' title="bbox 168 3913 1139 3981; baseline -0.001 -18"><span class='ocrx_word' id='word_1_255' title='bbox 168 3915 266 3978; x_wconf 81' lang='lat' dir='ltr'>speciem</span> <span class='ocrx_word' id='word_1_256' title='bbox 283 3915 420 3980; x_wconf 73' lang='lat' dir='ltr'>glomeravit</span> <span class='ocrx_word' id='word_1_257' title='bbox 436 3918 461 3966; x_wconf 83' lang='lat' dir='ltr'>in</span> <span class='ocrx_word' id='word_1_258' title='bbox 478 3915 555 3981; x_wconf 82' lang='lat' dir='ltr'>orbis3</span> <span class='ocrx_word' id='word_1_259' title='bbox 575 3915 610 3980; x_wconf 82' lang='lat' dir='ltr'>II,</span> <span class='ocrx_word' id='word_1_260' title='bbox 634 3917 683 3970; x_wconf 71' lang='grc'>446</span> <span class='ocrx_word' id='word_1_261' title='bbox 700 3914 875 3980; x_wconf 77' lang='lat' dir='ltr'>Numerumqud</span> <span class='ocrx_word' id='word_1_262' title='bbox 888 3915 988 3965; x_wconf 65' lang='lat' dir='ltr'>meconii</span> <span class='ocrx_word' id='word_1_263' title='bbox 1005 3913 1040 3964; x_wconf 83' lang='lat' dir='ltr'>ad</span> <span class='ocrx_word' id='word_1_264' title='bbox 1056 3913 1139 3963; x_wconf 77' lang='lat' dir='ltr'>lterum</span> 
     </span>
    </p>
   </div>
   <div class='ocr_carea' id='block_1_5' title="bbox 126 3998 814 4152">
    <p class='ocr_par' dir='ltr' id='par_1_5' title="bbox 126 3998 814 4152">
     <span class='ocr_line' id='line_1_35' title="bbox 171 3998 531 4068; baseline 0.008 -18"><span class='ocrx_word' id='word_1_265' title='bbox 171 3998 222 4051; x_wconf 88' lang='lat' dir='ltr'>cfr.</span> <span class='ocrx_word' id='word_1_266' title='bbox 242 3999 310 4053; x_wconf 84' lang='lat' dir='ltr'>Hor.</span> <span class='ocrx_word' id='word_1_267' title='bbox 332 3999 388 4053; x_wconf 89' lang='lat' dir='ltr'>Sat.</span> <span class='ocrx_word' id='word_1_268' title='bbox 406 4001 428 4067; x_wconf 85' lang='grc' dir='ltr'>Ι,</span> <span class='ocrx_word' id='word_1_269' title='bbox 447 4003 472 4068; x_wconf 85' lang='grc'>3,</span> <span class='ocrx_word' id='word_1_270' title='bbox 490 4002 531 4053; x_wconf 87' lang='grc'>60.</span> 
     </span>
     <span class='ocr_line' id='line_1_36' title="bbox 126 4082 814 4152; baseline 0.001 -16"><span class='ocrx_word' id='word_1_271' title='bbox 126 4087 144 4152; x_wconf 74' lang='lat'>²)</span> <span class='ocrx_word' id='word_1_272' title='bbox 167 4083 235 4137; x_wconf 87' lang='lat' dir='ltr'>Hor.</span> <span class='ocrx_word' id='word_1_273' title='bbox 255 4082 313 4137; x_wconf 81' lang='lat' dir='ltr'>Sat.</span> <span class='ocrx_word' id='word_1_274' title='bbox 331 4085 353 4148; x_wconf 83' lang='lat' dir='ltr'>I,</span> <span class='ocrx_word' id='word_1_275' title='bbox 374 4088 399 4150; x_wconf 76' lang='lat'>2,</span> <span class='ocrx_word' id='word_1_276' title='bbox 417 4086 541 4140; x_wconf 73' lang='lat' dir='ltr'>toliere</span> <span class='ocrx_word' id='word_1_277' title='bbox 558 4085 619 4135; x_wconf 78' lang='lat' dir='ltr'>inter</span> <span class='ocrx_word' id='word_1_278' title='bbox 636 4102 698 4152; x_wconf 83' lang='lat' dir='ltr'>saepc</span> <span class='ocrx_word' id='word_1_279' title='bbox 713 4085 814 4151; x_wconf 79' lang='lat' dir='ltr'>pericla.</span> 
     </span>
    </p>
   </div>
   <div class='ocr_carea' id='block_1_6' title="bbox 0 0 1314 4404">
    <p class='ocr_par' dir='ltr' id='par_1_6' title="bbox 0 0 1314 4404">
     <span class='ocr_line' id='line_1_37' title="bbox 0 0 1314 4404; baseline 0 0"><span class='ocrx_word' id='word_1_280' title='bbox 0 0 1314 4404; x_wconf 95' lang='lat' dir='ltr'> </span> 
     </span>
    </p>
   </div>
  </div>
 </body>
</html>
