2566 4404
419 207 462 260 De
482 206 616 260 liberiore
635 207 784 261 verborum
803 208 910 274 positu.
1157 213 1193 274 19

134 409 196 474 tive
216 410 326 491 juncta
348 411 429 485 sunt,
452 408 614 490 genetivus
637 409 795 490 utriusque
819 410 988 474 communis
1011 414 1080 475 ante
1097 412 1192 492 parti·

133 516 234 579 culam
259 516 486 598 conjunctivam
521 516 627 579 eodem
662 517 749 580 modo
782 518 990 581 interserit-ur:
1034 518 1116 594 XIV,
1133 521 1191 585 109

132 621 249 716 Specie
280 624 414 686 otrtata's
447 626 478 686 et
507 622 624 685 ambra
657 623 711 686 cfr.
737 623 788 698 lX,
802 627 852 700 68,
875 624 954 692 XIV.
973 628 1020 705 16,
1034 629 1083 700 20,
1106 630 1137 689 et
1159 626 1191 688 in

131 735 190 794 sat.
214 730 292 793 XIII
313 750 343 794 v.
367 733 429 795 219
463 728 630 810 Templum
652 733 682 793 et
703 729 820 792 violati
841 732 987 794 numinis
1010 751 1090 794 aras
1111 733 1191 795 inter

128 836 318 918 particulam
341 839 431 917 atque
463 837 593 900 alterum
624 837 847 901 substantivum
878 838 996 919 positus
1028 837 1188 910 invenitur,

95 944 98 948 ’
126 944 212 1025 quod
243 943 417 1024 exemplum
452 961 487 1008 eo
521 944 686 1007 notabilius
721 947 776 1017 est,
811 944 882 1025 quia
917 946 996 1026 apud
1021 947 1189 1026 Augusteae

128 1050 233 1113 aetatis
257 1055 361 1130 poetas
384 1051 432 1114 vix
456 1049 556 1113 ullum
579 1051 670 1113 buius
693 1051 853 1114 verborum
876 1051 993 1131 positus
1016 1053 1188 1133 exemplum

127 1161 240 1220 exstat.
273 1156 404 1219 Verbum
430 1157 548 1230 deinde,
572 1158 651 1238 quod
675 1158 713 1220 ad
736 1158 795 1221 duo
817 1158 954 1240 subjecta
976 1158 1114 1228 refertur,
1134 1162 1189 1222 aut

127 1263 230 1327 solum
263 1266 317 1326 aut
349 1281 418 1326 cum
433 1264 653 1327 additamento
677 1265 819 1346 junctum
852 1266 979 1328 eandem
1000 1267 1081 1329 inter
1102 1266 1187 1347 prius

125 1369 301 1451 subjectum
320 1375 366 1454 et
399 1369 580 1451 particulam
612 1371 816 1452 copulativam
849 1372 952 1434 sedem
982 1373 1044 1434 iere
1074 1373 1186 1454 ubique

123 1479 227 1540 tenet:
263 1476 387 1550 vibra
414 1476 542 1539 (iborae
563 1478 671 1540 intrat
693 1478 861 1558 stiraceas
895 1479 1036 1558 semivir,
1067 1479 1186 1554 11‚153

127 1582 254 1646 Cariae
287 1582 366 1665 qaid
405 1584 505 1646 scatit
544 1587 573 1647 et
612 1585 705 1647 antdo
741 1584 906 1665 Sepiada
939 1584 993 1648 cfr.
1025 1584 1095 1661 Vll,
1112 1587 1183 1666 102,

120 1688 162 1764 X
182 1693 249 1764 120,
274 1693 336 1755 260
361 1691 506 1772 (conferri
538 1709 656 1773 quoque
691 1695 792 1773 potest
825 1691 935 1754 similla
958 1691 1043 1754 verbi
1065 1691 1096 1754 in
1119 1692 1183 1755 dis·

116 1795 263 1879 junctiva
288 1797 525 1878 interrogatione
548 1798 684 1879 positus:
708 1799 826 1871 vulva
848 1798 968 1862 Facies
990 1797 1116 1861 dicetur
1138 1818 1184 1862 aa

119 1901 244 1966 alcas?
277 1903 360 1972 ilar
401 1903 542 1968 Caesare
565 1924 646 1985 opas
669 1909 716 1968 est
741 1925 785 1968 aa
808 1905 982 1985 haruspice
1003 1906 1106 1978 nodia,
1131 1905 1182 1982 lV,

124 2014 220 2086 140);
255 2028 321 2072 raro
355 2011 434 2073 inter
466 2012 647 2092 particulam
679 2016 710 2075 et
736 2013 869 2076 alterum
891 2012 1061 2093 subjectum
1086 2012 1182 2074 inter·

118 2116 261 2200 ponitur:
290 2115 445 2196 niveae
472 2118 566 2198 Quod
591 2119 702 2199 Tapae
724 2124 754 2183 et
776 2118 881 2182 ratila
902 2118 1002 2181 volvit
1024 2117 1181 2182 Pactolus

110 2213 237 2300 ⁴areana,
270 2222 322 2300 VI,
338 2225 410 2301 206,
444 2225 527 2302 XIV,
541 2231 570 2301 e,
606 2245 753 2307 nusquam
782 2229 884 2289 autem
910 2226 936 2288 oi
959 2225 1061 2289 medio
1084 2227 1180 2289 inter-

117 2330 223 2414 posito
245 2329 392 2410 particula
416 2352 477 2415 qae
506 2333 702 2415 suffigitur.¹)
749 2332 911 2414 Objectum
934 2333 1074 2414 denique,
1097 2333 1178 2413 quod

116 2439 249 2503 duorum
273 2441 430 2503 verborum
455 2431 615 2504 commune
639 2444 694 2516 est,
730 2440 850 2520 utrique
883 2459 950 2504 raro
984 2440 1178 2522 postponitur

114 2545 169 2611 vel
190 2543 397 2625 praemittitur,
428 2551 460 2611 et
481 2548 512 2610 id
535 2566 655 2630 quoque
677 2551 748 2611 ante
769 2547 952 2628 particulam
975 2547 1177 2628 copulativam

113 2656 264 2720 interseri
287 2655 380 2719 solet:
410 2655 462 2732 Vl,
475 2658 538 2720 436
565 2654 744 2718 Comma‘tta't
766 2658 856 2717 vates
879 2658 909 2717 'et
931 2657 1100 2734 comparat
1122 2654 1176 2717 cfr.

113 2763 172 2840 IV,
186 2769 240 2845 46,
264 2766 317 2839 Vl,
330 2766 403 2840 496,
425 2763 492 2840 XV,
509 2767 577 2838 150,
600 2762 650 2826 vel
676 2762 729 2825 ubi
751 2762 936 2842 adjectivum
968 2761 997 2825 ei
1031 2762 1175 2834 adhaeret,

112 2870 175 2934 hoc
205 2873 314 2934 codem
336 2872 401 2935 loco
418 2869 568 2952 ponitur:
601 2870 638 2944 X,
653 2872 690 2932 27
720 2867 873 2932 Moverat
902 2889 1005 2933 anam
1029 2866 1175 2948 pratale-

110 2977 362 3060 ratqacpedem,
382 2982 435 3041 aut
456 2977 535 3040 iuter
557 2977 740 3058 particulam
763 2976 966 3058 copulativam
990 2978 1022 3038 ct
1044 2975 1173 3038 alterurn

107 3084 243 3152 verbum
276 3084 487 3149 interseritur:
521 3083 644 3160 111126
667 3083 737 3146 Aut
766 3083 858 3147 odada
886 3087 915 3147 et
931 3083 1062 3163 positos
1085 3082 1175 3146 tinea

183 3305 315 3372 discedit,
343 3311 378 3358 ut
401 3304 528 3357 membra
553 3302 698 3370 particula
727 3303 889 3370 copulativa
909 3302 1019 3370 juncta,
1043 3316 1106 3368 qnae
1126 3301 1170 3354 illi

187 3389 306 3442 arbitrio
326 3389 497 3450 distrahant,
516 3387 603 3440 certis
626 3386 793 3454 plerumque
817 3386 924 3453 regulis
948 3385 1075 3440 divellat.
1112 3386 1172 3439 Has

140 3465 145 3472 ’
183 3473 351 3527 adumbrare
373 3472 545 3538 conabimur,
574 3477 602 3523 et
629 3471 665 3524 iis
691 3476 799 3524 tantum
826 3471 897 3524 locis
927 3471 1170 3537 comparationem

181 3557 258 3610 inter
285 3572 347 3610 enm
374 3563 404 3609 et
427 3557 537 3624 priores
561 3556 754 3622 instituemus,
784 3554 887 3620 quibus
915 3554 1007 3607 rarius
1034 3553 1170 3619 loquendi

180 3655 271 3708 genus
289 3629 377 3695 talem
397 3642 544 3706 requirere
563 3639 714 3693 videbitur.
752 3639 836 3706 Apud
846 3638 974 3692 Persium
993 3637 1066 3702 eins,
1087 3651 1170 3702 quern

180 3725 340 3792 exposituri
360 3741 466 3792 sumus,
494 3724 643 3778 verborum
667 3723 780 3791 positus
804 3721 912 3776 nullum
930 3721 990 3776 fere
1010 3720 1169 3788 exemplum

177 3815 284 3863 exstat.

134 3888 143 3930 '¹
176 3893 234 3961 Qui
252 3893 389 3960 imprimis
410 3897 455 3945 est
472 3908 534 3946 mos
552 3892 673 3946 Horatii.
709 3891 763 3944 Hic
782 3896 869 3958 poeta
887 3890 1002 3944 verbum
1021 3897 1086 3942 ante
1104 3904 1169 3956 par-

111 3976 119 4001 ‘
175 3977 296 4032 siculam
319 3976 432 4045 posuit:
467 3977 562 4046 Epist.
582 3977 605 4046 I,
626 3978 651 4042 3,
669 3977 716 4040 283
735 3977 760 4041 2,
779 3978 820 4036 60,
838 3976 872 4029 A.
882 3975 914 4027 P.
934 3976 993 4042 237,
1013 3981 1078 4028 ante
1098 3973 1170 4026 altc-

171 4077 239 4117 rum
257 4061 435 4130 subjectum:
461 4061 520 4116 Sat.
538 4061 561 4128 I,
580 4062 606 4127 3,
624 4062 667 4127 60,
686 4059 723 4125 II,
742 4063 767 4126 4,
785 4061 818 4111 45
838 4059 887 4112 ct’r.
906 4059 987 4112 Pers.
1006 4057 1038 4124 V,
1056 4059 1097 4110 91.

968 4142 1004 4195 931
