2566 4404
437 216 481 270 De
500 216 608 284 ellipsi.
983 220 1045 285 143

117 421 219 485 nativo
241 419 360 484 relativi
383 418 573 483 aecusativus
595 420 732 483 auditur:
780 420 935 500 Quodque
957 420 1044 484 domi

118 529 182 590 tet
204 527 299 591 uacet
320 526 448 590 vicinus
470 530 599 589 emuitu
621 525 688 601 (cir.
703 525 777 590 Hor.
797 526 860 592 Set.
884 528 926 605 ss,
949 531 978 602 6,
1002 530 1043 594 73

117 634 164 697 ud
189 653 250 698 uos
273 634 419 714 pertinet
448 636 478 697 et
500 633 625 696 uesoire
645 631 770 696 moiuu
792 637 856 711 est,
891 635 924 698 C.
948 632 978 698 S.
1001 637 1043 700 26

120 740 217 806 semei
248 741 371 805 dietum
403 743 465 816 est,
498 739 692 820 stabilisque
724 760 833 804 rerum
870 739 1044 804 Terminus

118 897 126 927 ‚
159 849 240 931 quod
267 849 307 912 iis
333 850 456 912 tentum
484 847 558 911 locis
580 847 647 910 fieri
668 850 778 929 potest,
813 848 922 930 quibus
947 849 1044 912 forma

117 957 178 1020 inis
208 974 268 1019 non
295 958 432 1019 mutatur
442 956 483 1031 1);
518 973 554 1017 ex
581 956 754 1020 accusativo
782 972 853 1020 vero
874 973 1042 1036 praegresso

117 1063 263 1127 {venalem
273 1061 477 1126 nominativus
490 1081 547 1124 non
559 1061 723 1137 audini-²).
757 1060 856 1126 Simili
868 1062 968 1136 modo,
981 1079 1042 1144 quo

117 1188 158 1234 en
180 1169 341 1232 relativum
364 1169 413 1232 his
434 1167 509 1231 locis
532 1168 678 1232 omissum
693 1174 748 1242 est,
773 1169 865 1233 etiam
878 1187 1042 1251 pronomen

118 1276 264 1340 trativum
291 1275 389 1339 audiri
415 1292 520 1360 posse,
556 1276 645 1338 docet
671 1276 770 1352 locus,
804 1277 855 1357 qni
888 1277 921 1339 in
949 1277 1043 1340 satira

117 1429 127 1444 ,.
151 1404 180 1448 v.
204 1385 266 1448 609
287 1381 410 1464 legitur,
433 1383 485 1446 ubi
507 1389 596 1463 poeta
618 1391 777 1445 venustam
800 1381 883 1446 illam
898 1384 1041 1448 Fortunae

116 1509 175 1553 roos
196 1489 281 1552 lacus
304 1471 412 1570 pueros
434 1489 583 1570 expositos
606 1493 697 1553 noctu
726 1489 858 1554 foventis
891 1490 1041 1572 picturam

116 1598 195 1661 lvii:
218 1595 292 1659 Hos
314 1600 413 1670 omui,
436 1596 488 1660 iiia
509 1616 544 1660 se
558 1596 688 1677 luperii
708 1600 809 1676 utque
830 1615 909 1659 suos
930 1596 1043 1660 rideus

116 1705 144 1766 it
164 1703 334 1782 oiuuuos;
368 1703 466 1768 mulio
489 1705 594 1766 autem
616 1704 801 1785 trequentior
822 1703 882 1766 ille
898 1704 1042 1785 loquendi

116 1813 146 1890 u,
169 1812 258 1892 quod,
281 1810 333 1874 nbi
355 1810 582 1874 substantivum
604 1811 724 1892 aliquod
753 1805 801 1874 vel
823 1829 988 1892 pronomen
1010 1812 1040 1873 in
1114 1794 1115 1799 ἵ

121 1918 255 1981 membro
288 1913 423 1999 positum
450 1916 480 1980 in
513 1918 610 1981 altero
640 1936 693 1998 per
718 1936 883 1998 pronomen
913 1919 1041 1982 demon-

116 2044 151 2088 m
192 2025 297 2098 eodem
327 2043 398 2088 casu
443 2023 629 2105 (accusativo
667 2024 715 2088 vel
754 2024 909 2105 genetivo)
957 2025 1039 2106 posi·
1110 2007 1112 2011 ⁸

116 2132 294 2212 epetendum
334 2135 413 2210 erat,
458 2132 514 2195 hoc
547 2130 715 2194 omittitur:
772 2130 824 2206 Vl,
859 2135 921 2196 606
961 2130 1035 2194 Hos

116 2257 215 2302 uuues
239 2237 445 2318 Involvitque
477 2239 568 2315 sicu,
607 2237 753 2301 domibus
787 2240 865 2300 tuuc
890 2239 1041 2318 porripit

119 2345 205 2421 VIII,
230 2348 270 2411 72
293 2345 360 2410 Sed
378 2347 415 2408 iu
442 2365 565 2425 uiupuu
593 2343 734 2426 loquium
766 2363 875 2424 quiere
897 2345 1037 2425 popina,

115 2472 142 2517 23
164 2451 277 2532 ulique
305 2472 377 2516 ouui
397 2471 592 2532 percussore
607 2452 779 2532 juoeutuu,
816 2470 883 2532 qnae
913 2453 1039 2516 omissio

118 2579 152 2623 ro
183 2559 227 2623 ita
260 2560 446 2636 extenditur,
480 2563 516 2622 ut
548 2559 581 2621 in
613 2559 766 2622 sententia
800 2577 818 2622 a
852 2560 1037 2639 praecedenti

144 2666 262 2730 seclusa
308 2667 493 2730 inveniatur:
555 2665 632 2728 VIII
640 2715 648 2744 ,
686 2669 745 2731 179
800 2664 888 2744 Quid
919 2664 1035 2746 focius

114 2774 261 2848 sortitum
294 2772 438 2858 Pontice,
472 2772 623 2836 servum?
666 2772 789 2851 Nempe
817 2773 855 2834 iu
882 2771 1037 2836 Luouuos

115 2900 178 2944 nou
200 2879 369 2961 erpoatuiu
390 2881 502 2943 uultus
524 2881 579 2943 cfr.
604 2881 642 2960 X,
668 2882 748 2945 182:
794 2879 939 2942 Horatius
947 2881 973 2961 ³)
999 2879 1039 2962 ¹in

114 3137 168 3190 lius
187 3138 215 3189 in
224 3137 340 3190 Metam.
361 3135 424 3187 libr.
436 3135 477 3188 ΠΙ
487 3150 509 3185 v.
520 3136 569 3189 446
592 3134 662 3192 Quod
678 3134 793 3198 videoque
810 3135 935 3198 placetque
953 3132 1033 3198 dixit,

114 3243 117 3269 ι
136 3220 270 3287 loquendi
291 3222 381 3272 forma
401 3219 436 3272 ob
454 3220 586 3272 iteratum
605 3236 648 3282 que
666 3217 810 3270 rarissima
829 3223 882 3270 est.

128 3305 246 3358 Sallust.
265 3304 322 3356 bel.
334 3304 350 3355 J
354 3320 398 3370 ug.
418 3319 442 3356 c.
462 3302 539 3355 XIV:
564 3301 623 3360 Quo
640 3311 683 3351 aui
700 3304 771 3351 omui
788 3312 831 3352 oui
849 3320 878 3352 ex
895 3302 1038 3352 necessariis

114 3408 158 3439 rea
167 3392 243 3454 facto
260 3398 322 3440 suut.

113 3474 188 3526 atius
207 3474 236 3525 in
256 3472 365 3525 duabus
381 3471 520 3524 similibus
532 3470 684 3522 sententiis
694 3485 849 3536 pronomen
862 3470 1036 3522 demonstra·

113 3574 142 3610 m
161 3573 217 3610 non
236 3563 294 3609 tam
313 3556 425 3621 omittit,
450 3570 532 3619 quam
553 3553 757 3606 substantivum
768 3554 795 3605 in
806 3553 901 3620 priore
913 3553 1037 3619 positum
1074 3566 1079 3574 ·

113 3643 182 3694 ltera
194 3641 285 3694 audiri
295 3641 418 3708 patitur:
439 3639 595 3704 Sat.l,4‚81
604 3639 727 3688 Absentem
737 3638 780 3702 qui
787 3638 852 3687 rodit
861 3641 971 3700 anticum,
990 3636 1040 3693 Qui

115 3727 221 3791 diffindit
230 3727 280 3776 olio
290 3726 408 3790 culpante,
429 3722 472 3774 vel
483 3722 532 3774 ubi
544 3722 749 3775 substantivum
760 3722 904 3790 praecedit,
923 3722 1036 3773 ‹lemon-

113 3810 199 3863 tivum
224 3825 289 3863 raro
315 3809 433 3862 omittit:
462 3807 522 3860 Sat.
540 3808 562 3872 Ι,
582 3808 607 3870 3,
626 3807 660 3860 Sl
678 3806 791 3856 Paullum
810 3806 911 3870 deliquit
933 3805 1036 3854 amicus:

112 3897 149 3944 lus
172 3895 251 3945 Odisti
268 3904 289 3944 ei
304 3895 385 3959 fuyis3
404 3893 438 3944 A·
456 3892 485 3944 P.
504 3893 554 3946 456
580 3891 694 3941 Vesauum
712 3891 817 3954 teiipisse
835 3890 914 3938 timent
928 3890 1035 3954 fupiuut-

112 3988 201 4044 poetam
224 3979 274 4036 Qui
288 3979 399 4043 eopiuui5
418 3978 513 4043 opitout
528 3976 600 4042 pueri
615 3975 751 4041 incautique
768 3982 910 4039 sequuntur.
