2566 4404
440 236 483 288 De
502 235 606 302 ellipsl.
993 239 1052 303 123

127 439 207 519 quod
229 441 262 501 et
283 437 482 502 Heinrichius
504 441 536 502 et
549 439 743 503 Hermannus
765 441 835 520 post
857 438 938 502 tube
960 457 1053 520 pesu-

122 543 156 608 in
178 548 326 627 punctum
348 546 462 609 mutari
475 545 575 610 debet.
610 547 706 609 Poeta
725 546 822 628 igitur
844 546 946 610 omnia
967 545 1051 626 dicit,

120 651 200 715 alius
224 653 384 734 quisquam
408 651 534 732 loquens
555 652 724 730 inducitur,
759 654 812 716 sed
835 652 968 716 oratione
991 652 1050 715 im·

132 760 272 822 sumente
294 759 331 834 is,
354 757 407 840 qui
428 759 572 840 loquitur,
596 777 641 834 en,
665 779 733 840 quae
750 759 789 823 ab
806 759 908 840 alique
925 777 1050 841 sesaepe

120 868 177 928 :ei
191 853 301 928 'audire
334 865 458 929 solitum
483 883 549 929 esse
573 865 675 947 fingit,
711 865 801 929 huius
823 865 921 946 ipsius
950 864 1051 929 verbis

139 970 277 1036 Similem
301 973 430 1037 formam
452 972 535 1035 loeus
557 973 682 1054 praebet,
704 991 794 1053 quern
817 974 1050 1053 tractaresupra

120 1097 179 1142 nus
201 1079 285 1156 (VII,
309 1081 510 1158 242-243);

120 1229 306 1319 ααααααα,
332 1250 422 1306 curo,
445 1230 503 1293 sed
524 1248 623 1310 quom
644 1250 679 1294 se
700 1232 832 1295 verterit
855 1251 971 1303 cneus,
1050 1274 1053 1283 .

120 1321 214 1417 coepe,
237 1339 353 1401 victori
368 1335 515 1418 populus
539 1337 626 1417 quod
638 1337 792 1418 postulat
813 1358 940 1401 ααναα.

142 1524 286 1587 peuense
307 1525 376 1586 sqq.
401 1506 597 1570 Heinrichius
620 1510 733 1588 poetae,
757 1507 889 1571 Jahnius
912 1506 1050 1589 subjecto

119 1615 197 1695 quod
221 1615 269 1676 est
280 1614 398 1693 inquit,
421 1612 570 1677 attribuit.
605 1613 919 1677 Animadvertendum
945 1618 1048 1677 autem

119 1720 167 1782 odo
190 1739 283 1783 unum
307 1720 440 1783 codicem
465 1740 549 1783 euro
570 1720 629 1783 sed
649 1721 769 1796 habere,
791 1719 927 1801 reliquos
950 1738 1049 1783 curos

118 1845 161 1890 os
182 1825 247 1901 sed,
267 1845 370 1890 ⁴rores
392 1830 430 1892 et.
491 1826 523 1890 Si
545 1831 634 1909 poeta
657 1827 916 1909 simplicissimam
939 1828 1048 1890 harum

117 1953 167 1996 um
192 1933 342 1998 eurosed
363 1934 543 2016 scripsisset,
567 1935 657 1998 modo
677 1953 770 1997 unum
788 1916 923 1997 codicem
945 1951 1048 1997 veram

118 2059 182 2104 ram
210 2042 400 2103 servaturum
435 2040 548 2117 fnisse,
586 2040 688 2104 minus
716 2040 880 2105 verisimile
916 2045 979 2117 est,
1016 2043 1049 2105 et

117 2146 312 2210 Heinriehius
335 2165 369 2209 ex
391 2147 449 2210 hee
471 2148 621 2229 scriptura
642 2151 759 2211 eeteros
793 2150 875 2211 ortas
899 2166 966 2211 esse
994 2149 1046 2211 de-

117 2272 166 2316 are
200 2260 343 2326 conatur,
393 2254 469 2316 nihil
506 2256 588 2317 certe
621 2255 700 2336 agit,
735 2273 807 2318 narn
839 2258 955 2318 ceteras
987 2255 1048 2331 (vel

117 2379 149 2424 ex
174 2361 295 2439 ceteris)
327 2361 364 2424 ob
387 2361 600 2440 imperativum
631 2365 811 2443 sequentem
833 2362 863 2424 in
887 2381 968 2425 curo
990 2361 1048 2426 sed
1134 2382 1135 2385 ¹

118 2487 132 2530 s
166 2486 240 2541 esse,
278 2467 474 2532 verisimilius
507 2471 587 2530 certe
617 2468 749 2546 videtur,
783 2487 873 2549 quam
907 2472 943 2531 ut
976 2486 1047 2532 con-

116 2593 151 2636 us
188 2593 280 2637 eures
314 2593 348 2637 ex
383 2574 562 2655 imperativo
591 2575 746 2655 protentus
774 2575 831 2653 sit,
865 2593 926 2656 quo
959 2573 1044 2639 acee-

115 2682 173 2744 uod
205 2682 353 2762 particula
388 2680 580 2744 adversativa
611 2680 670 2744 sed
690 2681 791 2774 minus
813 2687 885 2762 apte
907 2686 970 2756 est,
1005 2685 1045 2758 et,

118 2788 272 2861 ceditur,
306 2788 504 2868 imperativus
537 2789 646 2868 escape
668 2809 685 2852 a
708 2789 891 2870 praecedenti
915 2789 1046 2869 impera-

117 2913 174 2975 que
203 2894 293 2958 verbe
315 2895 425 2974 inquit
447 2895 531 2958 nullo
560 2895 647 2959 modo
670 2895 774 2958 divelli
802 2896 912 2977 potest.
948 2897 979 2959 Is
992 2897 1045 2959 de-

121 2996 365 3081 quimercedem
389 3001 617 3077 solvevedebet‚
640 3003 728 3076 hanc,
751 3021 817 3084 quae
836 3002 863 3065 ei
887 3021 968 3084 aegre
993 3021 1044 3065 ex·

116 3109 129 3170 ·i
153 3108 303 3171 solereio
326 3108 566 3189 praecedentibus
594 3107 730 3172 versibus
759 3109 886 3184 dicitur,
920 3127 1045 3190 parvam

115 3234 159 3278 von
181 3217 323 3296 aestimat,
347 3216 482 3280 sedeam
505 3215 678 3296 opinionem
700 3216 766 3279 eius
782 3235 858 3290 esse,
881 3216 932 3297 qui
952 3216 1044 3279 verba

138 3321 286 3402 populus
320 3323 407 3404 qnod
432 3321 584 3402 postulat
617 3342 736 3385 αααααα
775 3323 863 3398 dicit,
898 3342 934 3386 ex
966 3323 1044 3404 ipsis

115 3429 190 3493 satis
213 3432 348 3513 apparet,
372 3448 439 3512 quae
463 3429 643 3510 magistrum
665 3448 719 3510 pre
736 3409 831 3494 totius
854 3429 926 3493 anni
941 3429 1043 3494 labore

114 3537 224 3599 aierem
248 3556 400 3601 summam
422 3536 558 3617 accipere
582 3536 678 3599 solere
701 3536 823 3615 dicunt,
862 3556 952 3617 quarn
976 3556 1043 3618 quae
1114 3532 1117 3544 '

114 3661 127 3704 o
150 3645 202 3705 uni
226 3644 333 3707 victori
355 3644 491 3706 dabatur.
536 3642 648 3706 Veram
669 3644 850 3724 scripturam
881 3644 974 3707 iniis
997 3663 1042 3708 co·

113 3792 114 3806 ,
137 3754 287 3814 servatam
312 3769 376 3814 esse
400 3750 594 3823 crediderim,
618 3750 669 3831 qui
694 3771 786 3814 cures
812 3755 842 3815 et
863 3752 978 3816 habent
1000 3757 1044 3823 (et

113 3875 146 3921 os
169 3863 217 3922 est
238 3857 329 3921 codex
354 3858 485 3939 optimus
509 3857 693 3921 Hauniensis
705 3860 741 3939 ¹).
772 3859 932 3924 Juvenaiis
950 3859 1042 3934 enim,

106 4090 232 4148 aienius,
253 4088 302 4140 ubi
321 4089 439 4145 codices
458 4091 653 4148 Haunienses
673 4066 903 4156 commemoratss
917 4087 958 4140 au
976 4094 1086 4136 corum
