2566 4404
404 188 445 242 De
465 188 599 247 liberiore
618 190 764 245 verborum
781 191 886 258 positu.
1126 195 1168 260 43

116 411 240 474 semper
262 393 295 456 in
317 395 373 458 hae
394 394 473 475 poni,
496 393 687 458 notissimum
711 396 765 469 est,
788 396 819 459 et
841 352 985 460 voeabula
1006 395 1167 460 sententiae

114 499 271 583 primariae
293 502 372 585 apud
394 504 498 583 poetas
521 501 573 564 uni
596 505 674 581 (raro
706 500 857 585 pluribus)
879 501 1037 567 sententiae
1060 521 1166 566 seeun-

117 608 213 672 dan'ae
235 609 301 673 voci
323 608 471 691 postponi,
495 611 559 672 lam
580 607 721 691 frequens
744 612 800 687 est,
823 615 856 674 nt
868 611 924 674 hoo
939 610 1080 692 attigisse
1092 609 1167 674 salis
1273 619 1277 628 ‘

118 714 174 780 sit.
209 716 275 780 Hoo
298 735 367 780 vero
388 716 462 790 loeo,
488 717 567 798 quod
587 717 777 781 rarissimum
799 719 855 794 est,
877 717 909 781 id
932 703 1166 793 substantivum,

115 823 201 906 qnod
224 822 410 887 sententiam
432 823 587 889 relativam
611 824 778 902 constituit,
805 825 857 889 uni
880 825 971 888 huius
992 824 1057 888 voci
1081 829 1165 906 post

114 931 253 1013 positum
277 936 324 995 est
345 929 464 1012 (drusa
473 933 637 1014 moutam),
658 949 753 1012 quum
775 935 877 996 autem
900 950 1063 1015 pronomen
1085 931 1164 996 rela-

113 1039 217 1103 tivum
239 1037 277 1102 ab
298 1039 385 1102 initio
407 1039 567 1102 sententiae
589 1038 727 1102 avulsum
750 1039 799 1116 sit,
822 1057 975 1121 quumque
995 1057 1053 1103 non
1066 1039 1164 1103 solum

115 1145 354 1222 substantivum,
389 1146 468 1227 quod
500 1143 650 1221 definitur,
686 1145 713 1208 ei
745 1147 878 1227 proxime
913 1147 1082 1225 antecedat,
1111 1147 1163 1211 sed

114 1252 245 1317 verbum
268 1272 384 1336 quoque
407 1253 569 1317 sententiar
584 1251 615 1315 id
631 1252 841 1334 subsequatur,
863 1254 941 1318 nihil
953 1254 1163 1318 oaussaevide·

112 1361 177 1430 tur,
202 1379 256 1424 our
277 1381 295 1424 a
317 1360 449 1442 simplici
472 1359 638 1442 explicandi
659 1361 776 1425 ratione
798 1360 951 1437 arbeamus,
974 1363 1006 1425 et
1027 1362 1163 1426 Juvena-

112 1465 189 1543 lem,
212 1467 509 1532 ubisubstantivum
525 1471 646 1532 ve'rsum
658 1467 786 1545 claudat,
810 1469 994 1550 adjectivum
1006 1469 1163 1534 adhaerens

113 1575 164 1639 ita
186 1593 295 1657 ponere
318 1594 427 1649 amare,
449 1577 616 1639 utoaesurae
634 1577 764 1658 pondere
781 1575 932 1650 efferatur,
954 1576 1033 1639 unde
1055 1594 1163 1640 caussa

115 1684 231 1752 mutati
254 1682 412 1747 verborum
433 1682 546 1747 ordinis
568 1683 633 1746 sine
656 1682 747 1747 dubio
768 1683 899 1765 petenda
920 1683 1056 1760 ostiam
1079 1701 1161 1747 eom-

113 1789 351 1854 memoravimus
374 1789 628 1872 (daura-oliuu).
673 1790 759 1868 Quod
781 1790 969 1875 adulterum
993 1790 1091 1854 loourn
1115 1796 1162 1855 at

111 1897 211 1972 tinet,
255 1897 381 1961 verbum
413 1898 573 1962 sententiae
606 1897 741 1962 relativa
774 1888 938 1980 (spirant)
971 1898 1160 1963 substantivo

111 2004 317 2086 antepositum
352 2006 408 2068 hoe
436 2006 597 2069 sententiae
621 2004 754 2069 relativae
776 2005 952 2087 adjunctum
974 2023 1040 2069 esse
1062 2005 1159 2069 dooet

203 2111 272 2175 Non
294 2111 397 2194 paneis
419 2111 492 2176 loois
514 2096 694 2195 interpretes
726 2130 824 2176 errore
845 2112 995 2176 liberioris
1017 2112 1158 2176 substan-

112 2218 171 2285 tivi
194 2219 436 2301 transpositionis
459 2218 595 2284 labentes
617 2220 838 2291 aberraverunt,
872 2238 968 2300 quum
989 2223 1092 2283 autem
1113 2222 1160 2285 ut

113 2345 207 2408 supra
228 2327 327 2408 posita
349 2326 419 2404 sint,
441 2345 538 2409 neque
560 2327 721 2409 quidquam
735 2325 817 2390 dubii
833 2327 933 2391 inesse
945 2327 1052 2409 possit,
1069 2329 1159 2392 modo

113 2453 217 2506 unum,
252 2452 351 2514 quem,
385 2435 455 2516 quia
487 2436 524 2499 de
557 2434 744 2499 enarratione
773 2434 838 2498 eius
861 2434 947 2498 valde
970 2434 1157 2513 dissentitur,

113 2541 213 2606 rdhuo
235 2541 349 2614 distuli,
372 2542 423 2606 hio
445 2543 617 2625 adJungam.
660 2543 699 2605 In
731 2542 826 2606 satira
853 2544 967 2616 octava,
995 2543 1158 2624 postquam

113 2652 204 2734 poeta
224 2649 386 2713 dissolutos
402 2649 548 2714 nobilium
561 2651 763 2714 Romanorum
781 2666 902 2730 operam
919 2667 1017 2714 scenae
1039 2652 1071 2715 et
1092 2669 1157 2714 am-

112 2757 286 2842 phitheatro
316 2756 482 2821 locantium
515 2774 613 2821 mores
646 2756 788 2839 depinxit,
822 2757 872 2821 eui
893 2756 959 2822 loeo
981 2756 1156 2840 Madvigius

112 2864 267 2949 ogregiam
288 2864 386 2929 lueern
410 2865 552 2940 admovit,
576 2867 641 2929 heo
663 2883 682 2928 a
704 2885 731 2928 v.
746 2866 806 2931 199
829 2865 941 2947 scripta
962 2867 1048 2929 sunt:

871 3016 917 3080 Er
937 3015 1007 3081 illio

148 3123 301 3189 Dedecus
324 3124 415 3188 urbis
438 3123 554 3189 leudes:
576 3145 633 3190 uer
655 3124 864 3189 mirmillonis
885 3125 922 3188 iu
944 3125 1050 3188 aruis

124 3452 144 3519 ¹)
167 3448 266 3502 Etiam
285 3446 411 3502 Ovidium
430 3448 514 3502 simili
533 3448 749 3517 transpositioni
767 3448 794 3500 in
813 3447 863 3501 lib.
883 3448 998 3501 Metam.
1010 3446 1075 3500 Vlll
1087 3448 1154 3506 v.3¹l

177 3533 329 3588 indulsisse
349 3533 444 3587 credo.
480 3534 575 3588 Locus
594 3534 634 3588 sio
653 3533 776 3602 scriptus
796 3532 904 3588 editur:

313 3637 384 3687 Felix
394 3635 512 3703 Jueulum‚
531 3637 595 3702 quod
611 3646 717 3702 tauperet
735 3636 786 3700 ille,

266 3718 368 3785 Quaeque
384 3738 468 3771 munus
484 3731 607 3788 premeret,
619 3722 711 3787 salicia
720 3721 798 3784 frena
815 3723 916 3771 vocabat

173 3822 305 3876 Insolens
325 3828 369 3876 est
386 3823 477 3876 forma
496 3822 642 3876 sententiae
662 3821 796 3888 relativae,
816 3835 878 3887 quae
896 3822 1038 3890 particula
1050 3821 1152 3888 quoad-

104 3953 107 3959 .
171 3909 274 3974 juncta
293 3906 497 3960 substantivum
516 3906 668 3972 desiderat,
685 3905 864 3971 quamobrem
876 3905 999 3973 Ovidius,
1018 3913 1049 3958 ut
1066 3905 1152 3959 verba

161 3992 258 4060 felicia
267 3993 345 4057 frena
363 3991 461 4044 eodem
481 3991 576 4045 ordine
596 4007 651 4058 quo
662 3985 733 4042 Felix
745 3991 853 4058 jaculum
863 3991 1038 4056 efferrentur,
1057 3987 1151 4056 adjec-

173 4077 260 4132 tivum
279 4075 426 4129 sententiae
446 4076 498 4130 rel.
518 4076 724 4144 interposuisse
742 4075 861 4152 videtur.
