<?xml version="1.0" encoding="UTF-8"?>
<!DOCTYPE html PUBLIC "-//W3C//DTD XHTML 1.0 Transitional//EN"
    "http://www.w3.org/TR/xhtml1/DTD/xhtml1-transitional.dtd">
<html xmlns="http://www.w3.org/1999/xhtml" xml:lang="en" lang="en">
 <head>
  <title>
</title>
<meta http-equiv="Content-Type" content="text/html;charset=utf-8" />
  <meta name='ocr-system' content='tesseract 3.04.00' />
  <meta name='ocr-capabilities' content='ocr_page ocr_carea ocr_par ocr_line ocrx_word'/>
</head>
<body>
  <div class='ocr_page' id='page_1' title='image "./sermonemdjuniij00kiaegoog_0227.png"; bbox 0 0 2566 4404; ppageno 0'>
   <div class='ocr_carea' id='block_1_1' title="bbox 525 1164 755 1247">
    <p class='ocr_par' dir='ltr' id='par_1_1' title="bbox 525 1164 755 1247">
     <span class='ocr_line' id='line_1_1' title="bbox 525 1164 755 1247; baseline 0 -3"><span class='ocrx_word' id='word_1_1' title='bbox 525 1165 574 1244; x_wconf 83' lang='lat' dir='ltr'>llc</span> <span class='ocrx_word' id='word_1_2' title='bbox 602 1164 755 1247; x_wconf 87' lang='lat' dir='ltr'>casibus.</span> 
     </span>
    </p>
   </div>
   <div class='ocr_carea' id='block_1_2' title="bbox 110 1505 1204 3775">
    <p class='ocr_par' dir='ltr' id='par_1_2' title="bbox 110 1505 1204 3775">
     <span class='ocr_line' id='line_1_2' title="bbox 201 1505 1156 1638; baseline 0.005 -25"><span class='ocrx_word' id='word_1_3' title='bbox 201 1505 245 1618; x_wconf 78' lang='lat' dir='ltr'>In</span> <span class='ocrx_word' id='word_1_4' title='bbox 269 1553 398 1636; x_wconf 84' lang='lat' dir='ltr'>singulis</span> <span class='ocrx_word' id='word_1_5' title='bbox 426 1553 547 1618; x_wconf 82' lang='lat' dir='ltr'><strong>casibus</strong></span> <span class='ocrx_word' id='word_1_6' title='bbox 574 1553 720 1636; x_wconf 88' lang='lat' dir='ltr'>ponendis</span> <span class='ocrx_word' id='word_1_7' title='bbox 742 1553 903 1618; x_wconf 82' lang='lat' dir='ltr'>Juvenalis</span> <span class='ocrx_word' id='word_1_8' title='bbox 933 1553 1004 1619; x_wconf 89' lang='lat' dir='ltr'>aliis</span> <span class='ocrx_word' id='word_1_9' title='bbox 1025 1554 1156 1638; x_wconf 87' lang='lat' dir='ltr'>loquendi</span> 
     </span>
     <span class='ocr_line' id='line_1_3' title="bbox 114 1638 1157 1743; baseline -0.002 -16"><span class='ocrx_word' id='word_1_10' title='bbox 114 1661 234 1736; x_wconf 81' lang='lat' dir='ltr'>formis,</span> <span class='ocrx_word' id='word_1_11' title='bbox 265 1680 331 1743; x_wconf 85' lang='lat' dir='ltr'>quse</span> <span class='ocrx_word' id='word_1_12' title='bbox 354 1661 434 1743; x_wconf 87' lang='lat' dir='ltr'>apud</span> <span class='ocrx_word' id='word_1_13' title='bbox 456 1638 571 1742; x_wconf 73' lang='lat' dir='ltr'>pn&#39;eres</span> <span class='ocrx_word' id='word_1_14' title='bbox 593 1651 699 1743; x_wconf 86' lang='lat' dir='ltr'>p&#39;oelas</span> <span class='ocrx_word' id='word_1_15' title='bbox 722 1659 899 1741; x_wconf 84' lang='lat' dir='ltr'>frequentes</span> <span class='ocrx_word' id='word_1_16' title='bbox 923 1666 1013 1743; x_wconf 71' lang='lat' dir='ltr'>sunt,</span> <span class='ocrx_word' id='word_1_17' title='bbox 1047 1663 1157 1727; x_wconf 87' lang='lat' dir='ltr'>omnine</span> 
     </span>
     <span class='ocr_line' id='line_1_4' title="bbox 114 1765 1158 1843; baseline 0 -12"><span class='ocrx_word' id='word_1_18' title='bbox 114 1768 247 1832; x_wconf 84' lang='lat' dir='ltr'>abstinet</span> <span class='ocrx_word' id='word_1_19' title='bbox 284 1805 318 1814; x_wconf 94' lang='lat'>—</span> <span class='ocrx_word' id='word_1_20' title='bbox 354 1769 538 1834; x_wconf 78' lang='lat' dir='ltr'>accusativo</span> <span class='ocrx_word' id='word_1_21' title='bbox 572 1767 631 1832; x_wconf 91' lang='lat' dir='ltr'>leci</span> <span class='ocrx_word' id='word_1_22' title='bbox 664 1767 763 1830; x_wconf 90' lang='lat' dir='ltr'>verbis</span> <span class='ocrx_word' id='word_1_23' title='bbox 786 1765 942 1841; x_wconf 85' lang='lat' dir='ltr'>veniendi,</span> <span class='ocrx_word' id='word_1_24' title='bbox 980 1769 1158 1843; x_wconf 81' lang='lat' dir='ltr'>deveniendi,</span> 
     </span>
     <span class='ocr_line' id='line_1_5' title="bbox 113 1873 1159 1958; baseline 0.002 -21"><span class='ocrx_word' id='word_1_25' title='bbox 113 1875 265 1938; x_wconf 84' lang='lat' dir='ltr'>similibus</span> <span class='ocrx_word' id='word_1_26' title='bbox 299 1876 441 1958; x_wconf 87' lang='lat' dir='ltr'>adjuncto</span> <span class='ocrx_word' id='word_1_27' title='bbox 474 1879 506 1938; x_wconf 90' lang='lat' dir='ltr'>et</span> <span class='ocrx_word' id='word_1_28' title='bbox 539 1874 710 1941; x_wconf 75' lang='lat' dir='ltr'>accusau&#39;vc</span> <span class='ocrx_word' id='word_1_29' title='bbox 743 1873 893 1937; x_wconf 84' lang='lat' dir='ltr'>reflexivse</span> <span class='ocrx_word' id='word_1_30' title='bbox 926 1875 1043 1955; x_wconf 86' lang='lat' dir='ltr'>passivi</span> <span class='ocrx_word' id='word_1_31' title='bbox 1071 1876 1159 1958; x_wconf 85' lang='lat' dir='ltr'>signi·</span> 
     </span>
     <span class='ocr_line' id='line_1_6' title="bbox 116 1979 1160 2065; baseline 0.003 -21"><span class='ocrx_word' id='word_1_32' title='bbox 116 1981 250 2045; x_wconf 88' lang='lat' dir='ltr'>ficationi</span> <span class='ocrx_word' id='word_1_33' title='bbox 266 1983 369 2047; x_wconf 87' lang='lat' dir='ltr'>addito</span> <span class='ocrx_word' id='word_1_34' title='bbox 393 1982 440 2045; x_wconf 91' lang='lat' dir='ltr'>vel</span> <span class='ocrx_word' id='word_1_35' title='bbox 463 1981 605 2065; x_wconf 80' lang='lat' dir='ltr'>adjectivi</span> <span class='ocrx_word' id='word_1_36' title='bbox 630 1981 785 2045; x_wconf 84' lang='lat' dir='ltr'>notionem</span> <span class='ocrx_word' id='word_1_37' title='bbox 808 1979 964 2062; x_wconf 81' lang='lat' dir='ltr'>explente3</span> <span class='ocrx_word' id='word_1_38' title='bbox 989 1982 1101 2046; x_wconf 79' lang='lat' dir='ltr'>datico</span> <span class='ocrx_word' id='word_1_39' title='bbox 1121 1984 1160 2047; x_wconf 92' lang='lat' dir='ltr'>lc·</span> 
     </span>
     <span class='ocr_line' id='line_1_7' title="bbox 114 2087 1162 2172; baseline 0.002 -21"><span class='ocrx_word' id='word_1_40' title='bbox 114 2108 197 2164; x_wconf 86' lang='lat' dir='ltr'>cum,</span> <span class='ocrx_word' id='word_1_41' title='bbox 232 2108 291 2170; x_wconf 91' lang='lat' dir='ltr'>quc</span> <span class='ocrx_word' id='word_1_42' title='bbox 322 2092 422 2153; x_wconf 84' lang='lat' dir='ltr'>nictus</span> <span class='ocrx_word' id='word_1_43' title='bbox 444 2089 555 2170; x_wconf 89' lang='lat' dir='ltr'>aliquis</span> <span class='ocrx_word' id='word_1_44' title='bbox 577 2089 685 2162; x_wconf 85' lang='lat' dir='ltr'>tendit,</span> <span class='ocrx_word' id='word_1_45' title='bbox 707 2088 873 2151; x_wconf 86' lang='lat' dir='ltr'>indicante·</span> <span class='ocrx_word' id='word_1_46' title='bbox 890 2087 939 2152; x_wconf 93' lang='lat' dir='ltr'>vel</span> <span class='ocrx_word' id='word_1_47' title='bbox 967 2090 1070 2153; x_wconf 88' lang='lat' dir='ltr'>verbis</span> <span class='ocrx_word' id='word_1_48' title='bbox 1093 2108 1162 2172; x_wconf 86' lang='lat' dir='ltr'>pug-</span> 
     </span>
     <span class='ocr_line' id='line_1_8' title="bbox 113 2195 1160 2279; baseline 0 -21"><span class='ocrx_word' id='word_1_49' title='bbox 113 2196 206 2258; x_wconf 86' lang='lat' dir='ltr'>nandi</span> <span class='ocrx_word' id='word_1_50' title='bbox 231 2197 382 2279; x_wconf 65' lang='lat' dir='ltr'>adjuncto,</span> <span class='ocrx_word' id='word_1_51' title='bbox 416 2198 561 2277; x_wconf 78' lang='lat' dir='ltr'>pecetico</span> <span class='ocrx_word' id='word_1_52' title='bbox 584 2195 741 2279; x_wconf 78' lang='lat' dir='ltr'>adjectivis</span> <span class='ocrx_word' id='word_1_53' title='bbox 764 2198 855 2276; x_wconf 89' lang='lat' dir='ltr'>atque</span> <span class='ocrx_word' id='word_1_54' title='bbox 877 2195 1064 2278; x_wconf 73' lang='lat' dir='ltr'>participiis,</span> <span class='ocrx_word' id='word_1_55' title='bbox 1100 2215 1160 2278; x_wconf 86' lang='lat' dir='ltr'>quae</span> 
     </span>
     <span class='ocr_line' id='line_1_9' title="bbox 114 2288 1160 2385; baseline 0.001 -19"><span class='ocrx_word' id='word_1_56' title='bbox 114 2304 301 2366; x_wconf 86' lang='lat' dir='ltr'>vacationem</span> <span class='ocrx_word' id='word_1_57' title='bbox 315 2303 363 2385; x_wconf 78' lang='lat' dir='ltr'>rei</span> <span class='ocrx_word' id='word_1_58' title='bbox 376 2303 557 2384; x_wconf 78' lang='lat' dir='ltr'>significant,</span> <span class='ocrx_word' id='word_1_59' title='bbox 580 2303 627 2366; x_wconf 92' lang='lat' dir='ltr'>vel</span> <span class='ocrx_word' id='word_1_60' title='bbox 639 2288 806 2385; x_wconf 78' lang='lat' dir='ltr'>adjectivis,</span> <span class='ocrx_word' id='word_1_61' title='bbox 819 2320 885 2383; x_wconf 82' lang='lat' dir='ltr'>quse</span> <span class='ocrx_word' id='word_1_62' title='bbox 900 2305 983 2376; x_wconf 85' lang='lat' dir='ltr'>sunt,</span> <span class='ocrx_word' id='word_1_63' title='bbox 1006 2305 1042 2366; x_wconf 93' lang='lat' dir='ltr'>ut</span> <span class='ocrx_word' id='word_1_64' title='bbox 1055 2322 1089 2367; x_wconf 85' lang='lat' dir='ltr'>ex</span> <span class='ocrx_word' id='word_1_65' title='bbox 1103 2305 1160 2367; x_wconf 89' lang='lat' dir='ltr'>Hc·</span> 
     </span>
     <span class='ocr_line' id='line_1_10' title="bbox 114 2408 1162 2491; baseline 0.002 -19"><span class='ocrx_word' id='word_1_66' title='bbox 114 2411 184 2474; x_wconf 80' lang='lat' dir='ltr'>retii</span> <span class='ocrx_word' id='word_1_67' title='bbox 207 2410 308 2473; x_wconf 84' lang='lat' dir='ltr'>satiris</span> <span class='ocrx_word' id='word_1_68' title='bbox 332 2410 469 2491; x_wconf 80' lang='lat' dir='ltr'>exempla</span> <span class='ocrx_word' id='word_1_69' title='bbox 491 2429 624 2484; x_wconf 84' lang='lat' dir='ltr'>sumam,</span> <span class='ocrx_word' id='word_1_70' title='bbox 648 2409 813 2489; x_wconf 84' lang='lat' dir='ltr'>benignus,</span> <span class='ocrx_word' id='word_1_71' title='bbox 837 2408 963 2487; x_wconf 68' lang='lat' dir='ltr'>docilis,</span> <span class='ocrx_word' id='word_1_72' title='bbox 987 2409 1103 2485; x_wconf 62' lang='lat' dir='ltr'>lassum</span> <span class='ocrx_word' id='word_1_73' title='bbox 1126 2411 1162 2473; x_wconf 91' lang='lat' dir='ltr'>si·</span> 
     </span>
     <span class='ocr_line' id='line_1_11' title="bbox 113 2515 1162 2598; baseline 0 -18"><span class='ocrx_word' id='word_1_74' title='bbox 113 2517 206 2592; x_wconf 83' lang='lat' dir='ltr'>milia,</span> <span class='ocrx_word' id='word_1_75' title='bbox 229 2518 278 2580; x_wconf 91' lang='lat' dir='ltr'>vel</span> <span class='ocrx_word' id='word_1_76' title='bbox 290 2517 389 2581; x_wconf 89' lang='lat' dir='ltr'>verbis</span> <span class='ocrx_word' id='word_1_77' title='bbox 400 2516 559 2598; x_wconf 90' lang='lat' dir='ltr'>implendi,</span> <span class='ocrx_word' id='word_1_78' title='bbox 572 2516 737 2590; x_wconf 86' lang='lat' dir='ltr'>desinendi,</span> <span class='ocrx_word' id='word_1_79' title='bbox 750 2515 932 2596; x_wconf 65' lang='lat' dir='ltr'>abstinendi</span> <span class='ocrx_word' id='word_1_80' title='bbox 944 2516 1102 2580; x_wconf 91' lang='lat' dir='ltr'>invidendi</span> <span class='ocrx_word' id='word_1_81' title='bbox 1114 2517 1162 2580; x_wconf 85' lang='lat' dir='ltr'>sd·</span> 
     </span>
     <span class='ocr_line' id='line_1_12' title="bbox 113 2608 1163 2706; baseline -0.002 -19"><span class='ocrx_word' id='word_1_82' title='bbox 113 2625 176 2687; x_wconf 88' lang='lat' dir='ltr'>dite</span> <span class='ocrx_word' id='word_1_83' title='bbox 200 2627 231 2687; x_wconf 90' lang='lat' dir='ltr'>et</span> <span class='ocrx_word' id='word_1_84' title='bbox 253 2625 387 2706; x_wconf 80' lang='lat' dir='ltr'>genitive</span> <span class='ocrx_word' id='word_1_85' title='bbox 411 2608 593 2688; x_wconf 70' lang='lat' dir='ltr'>substantivi</span> <span class='ocrx_word' id='word_1_86' title='bbox 627 2624 727 2688; x_wconf 80' lang='lat' dir='ltr'>neutri</span> <span class='ocrx_word' id='word_1_87' title='bbox 756 2622 898 2703; x_wconf 85' lang='lat' dir='ltr'>adjectivi</span> <span class='ocrx_word' id='word_1_88' title='bbox 933 2621 1097 2706; x_wconf 85' lang='lat' dir='ltr'>(singulari</span> <span class='ocrx_word' id='word_1_89' title='bbox 1119 2623 1163 2687; x_wconf 89' lang='lat' dir='ltr'>vel</span> 
     </span>
     <span class='ocr_line' id='line_1_13' title="bbox 112 2714 1162 2813; baseline 0.001 -20"><span class='ocrx_word' id='word_1_90' title='bbox 112 2731 222 2813; x_wconf 84' lang='lat' dir='ltr'>plurali</span> <span class='ocrx_word' id='word_1_91' title='bbox 244 2751 369 2795; x_wconf 89' lang='lat' dir='ltr'>numeru</span> <span class='ocrx_word' id='word_1_92' title='bbox 391 2731 495 2813; x_wconf 83' lang='lat' dir='ltr'>positi)</span> <span class='ocrx_word' id='word_1_93' title='bbox 509 2730 614 2812; x_wconf 83' lang='lat' dir='ltr'>generi</span> <span class='ocrx_word' id='word_1_94' title='bbox 630 2731 773 2813; x_wconf 86' lang='lat' dir='ltr'>adjuncto</span> <span class='ocrx_word' id='word_1_95' title='bbox 800 2766 834 2794; x_wconf 60' lang='lat'>‹-</span> <span class='ocrx_word' id='word_1_96' title='bbox 860 2714 934 2792; x_wconf 57' lang='lat' dir='ltr'>cliis&#39;</span> <span class='ocrx_word' id='word_1_97' title='bbox 953 2749 1043 2811; x_wconf 88' lang='lat' dir='ltr'>parce</span> <span class='ocrx_word' id='word_1_98' title='bbox 1068 2732 1162 2794; x_wconf 84' lang='lat' dir='ltr'>ut&#39;tur</span> 
     </span>
     <span class='ocr_line' id='line_1_14' title="bbox 112 2837 1163 2920; baseline -0.001 -18"><span class='ocrx_word' id='word_1_99' title='bbox 112 2875 154 2884; x_wconf 94' lang='lat'><em>-</em></span> <span class='ocrx_word' id='word_1_100' title='bbox 177 2840 237 2913; x_wconf 84' lang='lat' dir='ltr'>sic,</span> <span class='ocrx_word' id='word_1_101' title='bbox 260 2842 295 2902; x_wconf 90' lang='lat' dir='ltr'>ut</span> <span class='ocrx_word' id='word_1_102' title='bbox 318 2840 456 2919; x_wconf 86' lang='lat' dir='ltr'>exempla</span> <span class='ocrx_word' id='word_1_103' title='bbox 477 2837 631 2902; x_wconf 55' lang='lat' dir='ltr'>nonnulla&gt;</span> <span class='ocrx_word' id='word_1_104' title='bbox 645 2856 769 2918; x_wconf 83' lang='lat' dir='ltr'>ponam,</span> <span class='ocrx_word' id='word_1_105' title='bbox 792 2837 984 2900; x_wconf 85' lang='lat' dir='ltr'>accusativus</span> <span class='ocrx_word' id='word_1_106' title='bbox 1007 2838 1163 2920; x_wconf 85' lang='lat' dir='ltr'>participio</span> 
     </span>
     <span class='ocr_line' id='line_1_15' title="bbox 112 2943 1163 3034; baseline 0 -26"><span class='ocrx_word' id='word_1_107' title='bbox 112 2946 225 3026; x_wconf 84' lang='lat' dir='ltr'>passivi</span> <span class='ocrx_word' id='word_1_108' title='bbox 248 2965 307 3034; x_wconf 91' lang='lat' dir='ltr'>unc</span> <span class='ocrx_word' id='word_1_109' title='bbox 330 2949 450 3009; x_wconf 83' lang='lat' dir='ltr'>tantum</span> <span class='ocrx_word' id='word_1_110' title='bbox 473 2946 540 3010; x_wconf 88' lang='lat' dir='ltr'>loce</span> <span class='ocrx_word' id='word_1_111' title='bbox 562 2944 697 3006; x_wconf 85' lang='lat' dir='ltr'>additur:</span> <span class='ocrx_word' id='word_1_112' title='bbox 729 2943 823 3018; x_wconf 82' lang='lat' dir='ltr'><strong>VIII,</strong></span> <span class='ocrx_word' id='word_1_113' title='bbox 850 2944 1061 3019; x_wconf 24' lang='lat' dir='ltr'>lli-Attrilus</span> <span class='ocrx_word' id='word_1_114' title='bbox 1085 2944 1163 3008; x_wconf 82' lang='lat' dir='ltr'>lum·</span> 
     </span>
     <span class='ocr_line' id='line_1_16' title="bbox 113 3049 1164 3134; baseline -0.002 -17"><span class='ocrx_word' id='word_1_115' title='bbox 113 3053 187 3117; x_wconf 81' lang='lat' dir='ltr'>bum</span> <span class='ocrx_word' id='word_1_116' title='bbox 202 3055 342 3134; x_wconf 72' lang='lat' dir='ltr'>pumice,</span> <span class='ocrx_word' id='word_1_117' title='bbox 365 3053 525 3134; x_wconf 76' lang='lat' dir='ltr'>genetivus</span> <span class='ocrx_word' id='word_1_118' title='bbox 547 3052 592 3114; x_wconf 84' lang='lat' dir='ltr'>ita</span> <span class='ocrx_word' id='word_1_119' title='bbox 614 3049 755 3131; x_wconf 83' lang='lat' dir='ltr'>adjectivi</span> <span class='ocrx_word' id='word_1_120' title='bbox 771 3049 959 3113; x_wconf 85' lang='lat' dir='ltr'>nominativo</span> <span class='ocrx_word' id='word_1_121' title='bbox 972 3051 1021 3115; x_wconf 90' lang='lat' dir='ltr'>vel</span> <span class='ocrx_word' id='word_1_122' title='bbox 1043 3071 1164 3115; x_wconf 84' lang='lat' dir='ltr'>accusa·</span> 
     </span>
     <span class='ocr_line' id='line_1_17' title="bbox 113 3156 1164 3242; baseline -0.002 -18"><span class='ocrx_word' id='word_1_123' title='bbox 113 3160 175 3224; x_wconf 88' lang='lat' dir='ltr'>tivo</span> <span class='ocrx_word' id='word_1_124' title='bbox 198 3162 280 3226; x_wconf 84' lang='lat' dir='ltr'>casui</span> <span class='ocrx_word' id='word_1_125' title='bbox 304 3160 474 3242; x_wconf 86' lang='lat' dir='ltr'>adjunctus,</span> <span class='ocrx_word' id='word_1_126' title='bbox 497 3161 533 3221; x_wconf 90' lang='lat' dir='ltr'>ut</span> <span class='ocrx_word' id='word_1_127' title='bbox 555 3157 639 3221; x_wconf 85' lang='lat' dir='ltr'>nctie</span> <span class='ocrx_word' id='word_1_128' title='bbox 662 3157 756 3237; x_wconf 86' lang='lat' dir='ltr'>partis</span> <span class='ocrx_word' id='word_1_129' title='bbox 777 3176 839 3239; x_wconf 81' lang='lat' dir='ltr'>prae</span> <span class='ocrx_word' id='word_1_130' title='bbox 862 3156 984 3223; x_wconf 83' lang='lat' dir='ltr'>notione</span> <span class='ocrx_word' id='word_1_131' title='bbox 1008 3159 1164 3239; x_wconf 81' lang='lat' dir='ltr'>qualitatis</span> 
     </span>
     <span class='ocr_line' id='line_1_18' title="bbox 112 3263 1165 3346; baseline -0.001 -16"><span class='ocrx_word' id='word_1_132' title='bbox 112 3276 280 3344; x_wconf 85' lang='lat' dir='ltr'>evanescat,</span> <span class='ocrx_word' id='word_1_133' title='bbox 304 3269 391 3332; x_wconf 88' lang='lat' dir='ltr'>modo</span> <span class='ocrx_word' id='word_1_134' title='bbox 414 3267 546 3340; x_wconf 74' lang='lat' dir='ltr'>vecibus</span> <span class='ocrx_word' id='word_1_135' title='bbox 571 3284 636 3346; x_wconf 87' lang='lat' dir='ltr'>quae</span> <span class='ocrx_word' id='word_1_136' title='bbox 660 3269 730 3328; x_wconf 81' lang='lat' dir='ltr'>sunt</span> <span class='ocrx_word' id='word_1_137' title='bbox 752 3263 852 3337; x_wconf 71' lang='lat' dir='ltr'>luein,</span> <span class='ocrx_word' id='word_1_138' title='bbox 876 3263 1165 3342; x_wconf 59' lang='lat' dir='ltr'>instimulatus</span> 
     </span>
     <span class='ocr_line' id='line_1_19' title="bbox 111 3371 1165 3454; baseline -0.001 -16"><span class='ocrx_word' id='word_1_139' title='bbox 111 3376 233 3438; x_wconf 82' lang='lat' dir='ltr'>additui·</span> <span class='ocrx_word' id='word_1_140' title='bbox 244 3377 297 3439; x_wconf 81' lang='lat' dir='ltr'>cfr.</span> <span class='ocrx_word' id='word_1_141' title='bbox 312 3376 359 3438; x_wconf 91' lang='lat' dir='ltr'>lII</span> <span class='ocrx_word' id='word_1_142' title='bbox 373 3377 444 3451; x_wconf 80' lang='lat'>285,</span> <span class='ocrx_word' id='word_1_143' title='bbox 457 3375 509 3450; x_wconf 90' lang='lat' dir='ltr'>Vl,</span> <span class='ocrx_word' id='word_1_144' title='bbox 533 3376 605 3449; x_wconf 79' lang='lat'>217,</span> <span class='ocrx_word' id='word_1_145' title='bbox 627 3374 663 3442; x_wconf 90' lang='grc' dir='ltr'>Χ,</span> <span class='ocrx_word' id='word_1_146' title='bbox 689 3373 744 3445; x_wconf 85' lang='lat'>55;</span> <span class='ocrx_word' id='word_1_147' title='bbox 767 3371 928 3453; x_wconf 82' lang='lat' dir='ltr'>genetivus</span> <span class='ocrx_word' id='word_1_148' title='bbox 941 3372 1075 3454; x_wconf 88' lang='lat' dir='ltr'>denique</span> <span class='ocrx_word' id='word_1_149' title='bbox 1087 3375 1165 3437; x_wconf 86' lang='lat' dir='ltr'>rela-</span> 
     </span>
     <span class='ocr_line' id='line_1_20' title="bbox 111 3478 1204 3562; baseline 0 -18"><span class='ocrx_word' id='word_1_150' title='bbox 111 3482 203 3545; x_wconf 83' lang='lat' dir='ltr'>tionis</span> <span class='ocrx_word' id='word_1_151' title='bbox 230 3501 283 3562; x_wconf 88' lang='lat' dir='ltr'>pre</span> <span class='ocrx_word' id='word_1_152' title='bbox 316 3482 449 3546; x_wconf 88' lang='lat' dir='ltr'>ablativo</span> <span class='ocrx_word' id='word_1_153' title='bbox 484 3482 634 3562; x_wconf 85' lang='lat' dir='ltr'>adjective</span> <span class='ocrx_word' id='word_1_154' title='bbox 666 3479 825 3561; x_wconf 84' lang='lat' dir='ltr'>adjunctus</span> <span class='ocrx_word' id='word_1_155' title='bbox 853 3478 950 3542; x_wconf 90' lang='lat' dir='ltr'>semel</span> <span class='ocrx_word' id='word_1_156' title='bbox 971 3482 1095 3543; x_wconf 82' lang='lat' dir='ltr'>tuntum</span> <span class='ocrx_word' id='word_1_157' title='bbox 1117 3481 1164 3544; x_wconf 90' lang='lat' dir='ltr'>iu·</span> <span class='ocrx_word' id='word_1_158' title='bbox 1201 3549 1204 3553; x_wconf 62' lang='grc'><em>,</em></span> 
     </span>
     <span class='ocr_line' id='line_1_21' title="bbox 110 3585 1166 3668; baseline -0.003 -16"><span class='ocrx_word' id='word_1_159' title='bbox 110 3589 245 3652; x_wconf 90' lang='lat' dir='ltr'>venitur:</span> <span class='ocrx_word' id='word_1_160' title='bbox 279 3589 369 3666; x_wconf 82' lang='lat' dir='ltr'>XIV,</span> <span class='ocrx_word' id='word_1_161' title='bbox 407 3592 466 3655; x_wconf 85' lang='lat'>119</span> <span class='ocrx_word' id='word_1_162' title='bbox 489 3587 534 3650; x_wconf 84' lang='lat' dir='ltr'>Et</span> <span class='ocrx_word' id='word_1_163' title='bbox 561 3591 662 3668; x_wconf 79' lang='lat' dir='ltr'>puter</span> <span class='ocrx_word' id='word_1_164' title='bbox 695 3606 769 3668; x_wconf 79' lang='lat' dir='ltr'>erpo</span> <span class='ocrx_word' id='word_1_165' title='bbox 801 3587 904 3649; x_wconf 75' lang='lat' dir='ltr'>animi</span> <span class='ocrx_word' id='word_1_166' title='bbox 930 3585 1042 3665; x_wconf 74' lang='lat' dir='ltr'>felices</span> <span class='ocrx_word' id='word_1_167' title='bbox 1064 3588 1166 3654; x_wconf 75' lang='lat' dir='ltr'>credid</span> 
     </span>
     <span class='ocr_line' id='line_1_22' title="bbox 112 3692 1164 3775; baseline 0.003 -20"><span class='ocrx_word' id='word_1_168' title='bbox 112 3713 248 3770; x_wconf 77' lang='lat' dir='ltr'>andree,</span> <span class='ocrx_word' id='word_1_169' title='bbox 284 3713 342 3774; x_wconf 90' lang='lat' dir='ltr'>quc</span> <span class='ocrx_word' id='word_1_170' title='bbox 364 3696 429 3759; x_wconf 88' lang='lat' dir='ltr'>lucc</span> <span class='ocrx_word' id='word_1_171' title='bbox 452 3696 589 3759; x_wconf 86' lang='lat' dir='ltr'>nonnulli</span> <span class='ocrx_word' id='word_1_172' title='bbox 613 3695 747 3768; x_wconf 85' lang='lat' dir='ltr'>cedices,</span> <span class='ocrx_word' id='word_1_173' title='bbox 770 3692 879 3774; x_wconf 84' lang='lat' dir='ltr'>quibus</span> <span class='ocrx_word' id='word_1_174' title='bbox 903 3693 1032 3757; x_wconf 84' lang='lat' dir='ltr'>fortasse</span> <span class='ocrx_word' id='word_1_175' title='bbox 1055 3713 1164 3775; x_wconf 87' lang='lat' dir='ltr'>paren·</span> 
     </span>
    </p>
   </div>
   <div class='ocr_carea' id='block_1_3' title="bbox 6 3799 1165 3884">
    <p class='ocr_par' dir='ltr' id='par_1_3' title="bbox 6 3799 1165 3884">
     <span class='ocr_line' id='line_1_23' title="bbox 6 3799 1165 3884; baseline 0.002 -21"><span class='ocrx_word' id='word_1_176' title='bbox 6 3800 9 3805; x_wconf 83' lang='grc'><strong>’</strong></span> <span class='ocrx_word' id='word_1_177' title='bbox 111 3801 184 3864; x_wconf 93' lang='lat' dir='ltr'>dum</span> <span class='ocrx_word' id='word_1_178' title='bbox 207 3804 262 3873; x_wconf 79' lang='lat' dir='ltr'>est,</span> <span class='ocrx_word' id='word_1_179' title='bbox 285 3821 338 3881; x_wconf 88' lang='lat' dir='ltr'>pro</span> <span class='ocrx_word' id='word_1_180' title='bbox 354 3801 469 3883; x_wconf 78' lang='lat' dir='ltr'>felices</span> <span class='ocrx_word' id='word_1_181' title='bbox 493 3802 605 3866; x_wconf 87' lang='lat' dir='ltr'>habent</span> <span class='ocrx_word' id='word_1_182' title='bbox 622 3800 745 3884; x_wconf 73' lang='lat' dir='ltr'>felicis)</span> <span class='ocrx_word' id='word_1_183' title='bbox 768 3836 810 3845; x_wconf 96' lang='lat'>—</span> <span class='ocrx_word' id='word_1_184' title='bbox 833 3799 1045 3881; x_wconf 83' lang='lat' dir='ltr'>quamebrem,</span> <span class='ocrx_word' id='word_1_185' title='bbox 1069 3820 1165 3882; x_wconf 92' lang='lat' dir='ltr'>quum</span> 
     </span>
    </p>
   </div>
   <div class='ocr_carea' id='block_1_4' title="bbox 109 3906 1162 3990">
    <p class='ocr_par' dir='ltr' id='par_1_4' title="bbox 109 3906 1162 3990">
     <span class='ocr_line' id='line_1_24' title="bbox 109 3906 1162 3990; baseline 0.001 -20"><span class='ocrx_word' id='word_1_186' title='bbox 109 3911 199 3989; x_wconf 87' lang='lat' dir='ltr'>pecta</span> <span class='ocrx_word' id='word_1_187' title='bbox 215 3909 330 3988; x_wconf 76' lang='lat' dir='ltr'>regulis</span> <span class='ocrx_word' id='word_1_188' title='bbox 342 3910 491 3990; x_wconf 87' lang='lat' dir='ltr'>pedestris</span> <span class='ocrx_word' id='word_1_189' title='bbox 503 3909 647 3973; x_wconf 84' lang='lat' dir='ltr'>orationis</span> <span class='ocrx_word' id='word_1_190' title='bbox 665 3926 756 3990; x_wconf 90' lang='lat' dir='ltr'>prcpe</span> <span class='ocrx_word' id='word_1_191' title='bbox 768 3906 967 3988; x_wconf 86' lang='lat' dir='ltr'>obtemperat,</span> <span class='ocrx_word' id='word_1_192' title='bbox 991 3907 1042 3970; x_wconf 90' lang='lat' dir='ltr'>hic</span> <span class='ocrx_word' id='word_1_193' title='bbox 1063 3908 1162 3981; x_wconf 87' lang='lat' dir='ltr'>modo,</span> 
     </span>
    </p>
   </div>
   <div class='ocr_carea' id='block_1_5' title="bbox 109 4012 1043 4110">
    <p class='ocr_par' dir='ltr' id='par_1_5' title="bbox 109 4012 1043 4110">
     <span class='ocr_line' id='line_1_25' title="bbox 109 4012 1043 4110; baseline -0.001 -34"><span class='ocrx_word' id='word_1_194' title='bbox 109 4014 190 4079; x_wconf 85' lang='lat' dir='ltr'>intra</span> <span class='ocrx_word' id='word_1_195' title='bbox 215 4032 289 4096; x_wconf 87' lang='lat' dir='ltr'>ques</span> <span class='ocrx_word' id='word_1_196' title='bbox 312 4016 388 4079; x_wconf 89' lang='lat' dir='ltr'>lines</span> <span class='ocrx_word' id='word_1_197' title='bbox 411 4015 448 4078; x_wconf 86' lang='lat' dir='ltr'>ab</span> <span class='ocrx_word' id='word_1_198' title='bbox 471 4014 533 4110; x_wconf 88' lang='lat' dir='ltr'>illis</span> <span class='ocrx_word' id='word_1_199' title='bbox 556 4015 701 4091; x_wconf 83' lang='lat' dir='ltr'>discedat,</span> <span class='ocrx_word' id='word_1_200' title='bbox 723 4014 826 4097; x_wconf 82' lang='lat' dir='ltr'>paucis</span> <span class='ocrx_word' id='word_1_201' title='bbox 849 4012 1043 4078; x_wconf 88' lang='lat' dir='ltr'>adumbrabc.</span> 
     </span>
    </p>
   </div>
   <div class='ocr_carea' id='block_1_6' title="bbox 0 0 1288 4404">
    <p class='ocr_par' dir='ltr' id='par_1_6' title="bbox 0 0 1288 4404">
     <span class='ocr_line' id='line_1_26' title="bbox 0 0 1288 4404; baseline 0 0"><span class='ocrx_word' id='word_1_202' title='bbox 0 0 1288 4404; x_wconf 95' lang='lat' dir='ltr'> </span> 
     </span>
    </p>
   </div>
  </div>
 </body>
</html>
