2566 4404
138 202 181 266 82
458 202 498 253 De
516 202 666 268 particulis
685 203 865 270 oopulntiris

144 424 239 484 quem
261 405 352 467 misit
366 403 503 468 Corsica
523 405 574 469 vel
595 426 689 487 quem
713 406 1010 473 Tauro-uenatum
1030 429 1128 492 rupes
1146 413 1187 475 eir.
1223 408 1226 468 ἐ

146 510 217 585 Vll,
233 514 302 576 176.
347 511 437 584 Huic,
470 515 506 575 ut
537 513 581 576 ita
613 514 723 593 dicam,
755 513 959 595 duplisutiom
981 520 1188 582 sententiarum

146 617 308 684 Juvenalis
340 637 523 700 magnopere
558 621 670 684 iusisse
702 621 842 697 videtur,
879 623 914 684 et
953 624 1111 688 interdum
1141 626 1186 688 duo
1224 604 1226 615 ⁵

146 725 284 789 membre
303 745 359 808 por
379 727 562 808 anaphoram
581 728 716 810 iungens
735 728 814 791 duas
835 731 1011 794 sententias
1032 732 1185 810 eonstiterit,

140 833 200 896 sed
220 835 327 896 oontro
346 837 439 914 atque
461 851 552 915 supra
573 834 772 910 ostendimus,
798 833 861 909 ubi,
889 836 1072 917 copulativa
1090 857 1187 902 anneo-
1223 868 1226 875 ·

33 931 36 936 ’
147 939 231 1003 tendi
252 939 369 1004 mtione
390 959 461 1003 cum
482 940 637 1022 anaphora
663 941 837 1023 eonjunets,
871 942 1004 1007 verbnm
1035 945 1072 1008 in
1103 945 1186 1028 priore

144 1046 298 1111 sententis
318 1047 390 1128 poni
412 1047 553 1123 diximus,
571 1047 640 1129 jam
660 1047 693 1110 in
713 1047 811 1110 ultera
832 1049 1001 1129 ponitur¹):
1029 1051 1087 1126 IV,
1097 1057 1137 1117 53
1156 1049 1188 1114 s·

143 1153 225 1235 quid
245 1151 412 1235 Palfurio,
440 1154 473 1216 si
500 1153 661 1217 eredimus
681 1152 871 1231 Aminaeo,
903 1155 1069 1231 xlv‚3os
1096 1158 1187 1238 Quem

134 1259 237 1344 furor
257 1259 349 1324 houd
369 1260 498 1337 dubius,
530 1281 630 1342 quum
662 1263 707 1324 sit
738 1261 917 1344 manufesto
936 1262 1119 1342 phrenesis
1142 1264 1186 1328 eir.

145 1367 201 1442 VI,
216 1373 292 1440 114;
314 1368 454 1442 X1,200,
477 1368 529 1442 IV,
543 1373 572 1442 ἵ,
601 1372 635 1431 et
655 1368 827 1450 subjectum
849 1370 1014 1452 utriusque
1036 1371 1188 1436 sententie

141 1493 304 1539 oommnne
326 1475 355 1538 ei
377 1493 445 1539 raro
466 1476 662 1557 adjungitur:
690 1475 743 1549 VI,
756 1477 820 1540 624
840 1474 925 1539 Haeo
938 1479 1056 1556 poscit
1069 1479 1188 1562 smum
1209 1532 1213 1539 .

141 1586 240 1663 etque
261 1583 362 1664 ipses,
385 1581 452 1645 dese
466 1583 561 1663 potio
584 1585 729 1663 tersum
756 1581 810 1658 VI,
824 1588 882 1647 lll
906 1583 984 1648 Hoc
999 1587 1122 1665 pueris
1136 1604 1188 1666 po

109 1688 287 1775 “trisque
309 1688 368 1752 tos
383 1676 536 1770 protulit
556 1688 619 1752 illa
639 1691 758 1753 sorori.
793 1690 881 1753 Prius
902 1694 1083 1774 exemplum
1105 1711 1140 1756 ee
1157 1693 1188 1755 de

143 1813 252 1860 caussa
273 1796 407 1859 notabile
429 1800 486 1876 est,
521 1798 602 1878 quod
630 1815 721 1860 suum
742 1800 870 1877 utruque
893 1800 1051 1862 sententis
1073 1800 1190 1864 verbum

143 1902 244 1978 habet,
278 1906 310 1967 et
338 1903 564 1968 substantivum
593 1903 811 1984 transpositum
834 1903 924 1966 alteri
944 1907 1123 1984 pronomini
1142 1907 1189 1971 ad·

137 2010 280 2091 junctum
303 2015 359 2074 est.
403 2010 461 2074 His
492 2010 603 2074 finibus
625 2010 785 2091 anaphorae
811 2029 886 2074 usus
906 2012 990 2092 epud
1011 2013 1188 2078 Juvenalen

70 2176 72 2180 .
142 2116 414 2191 circumscribitur3
436 2117 575 2180 videmus
597 2117 693 2199 igitur
714 2119 835 2198 poetam
852 2120 960 2182 eontra
970 2121 1068 2201 atque
1081 2122 1189 2204 priores

139 2227 238 2287 certas
272 2225 394 2305 regulas
427 2223 537 2304 ubique
572 2225 666 2305 sequi,
701 2224 895 2304 quamobrem
923 2225 982 2288 hoo
1010 2245 1131 2309 quoque
1150 2228 1218 2295 lo.

140 2330 255 2413 qusndi
273 2349 379 2412 genus,
402 2331 429 2394 si
441 2331 516 2394 fines
527 2333 678 2405 tenentur,
701 2331 843 2408 adlocos,
864 2331 1029 2413 inquibus
1051 2335 1092 2398 de
1114 2337 1191 2398 rests

121 2437 330 2501 enarratione
354 2436 542 2512 dissentitur,
564 2436 762 2501 illustrandos
783 2438 900 2520 aliquid
922 2440 1062 2504 conferre
1086 2443 1189 2524 potest.

144 2542 194 2608 Sie
204 2544 235 2607 in
248 2544 349 2608 satirae
362 2545 498 2625 septimae
511 2549 622 2611 v.230:
641 2544 683 2610 Ut
687 2541 885 2625 praeeeptori
894 2545 1069 2610 sertorum
1080 2546 1189 2630 repeto

141 2654 271 2728 constet,
301 2650 343 2716 Ut
365 2651 452 2734 tepet
469 2651 637 2727 historias,
660 2656 809 2716 auctores
820 2653 946 2716 noverit
957 2673 1071 2718 omnes
1095 2654 1190 2720 ultimi

140 2759 269 2823 membri
282 2759 450 2841 asyndeton
458 2760 644 2842 arnaphorem
652 2777 917 2842 praegrsssamnon
929 2760 1053 2842 excipit,
1063 2764 1119 2826 sed
1129 2781 1191 2826 rer·

140 2865 225 2941 bum,
238 2866 316 2946 quod
327 2868 375 2929 est
386 2867 520 2943 noverit,
532 2867 622 2930 verbo
632 2866 816 2948 praecedenti
826 2867 1057 2949 perasyndeton
1068 2869 1189 2952 adjunc-

139 2975 206 3038 tum
229 2975 286 3048 est,
309 2974 341 3035 et
363 2973 556 3055 adjectivum,
579 2974 659 3055 quod
682 2977 730 3036 est
751 2991 870 3048 omnes,
892 2974 1189 3057 aduerumquesut-

140 3080 308 3146 stantivnm
331 3079 522 3143 referendum
545 3085 592 3144 est
613 3080 680 3161 (ofin
695 3081 746 3156 VI,
759 3082 823 3146 450
835 3079 904 3143 Nee
926 3079 1090 3146 historias
1112 3085 1190 3147 seiot

139 3190 276 3269 omnes:
299 3189 335 3250 nt
357 3205 465 3251 omnes
483 3186 625 3250 historias
646 3186 732 3268 legat
754 3190 785 3250 et
802 3204 907 3257 omnes
920 3193 1062 3254 auctores
1075 3190 1190 3255 noverit

139 3294 193 3358 ofr.
223 3295 301 3357 Hor.
336 3293 432 3375 Epist.
466 3294 607 3371 1,7,79
639 3293 731 3357 Duos
763 3295 853 3356 risus
884 3294 1033 3375 sedique
1067 3298 1192 3378 quant,

137 3399 229 3464 Dum
250 3403 370 3480 septem
392 3401 493 3464 donet
515 3401 675 3472 sestertio,
699 3404 814 3464 metuo
834 3405 956 3482 septem
966 3402 1191 3469 Promittit=

136 3507 209 3570 dum
231 3525 256 3573 s.
279 3525 303 3570 s.
333 3508 425 3572 donat
453 3511 485 3572 et
514 3528 538 3571 s.
564 3526 588 3571 s,
611 3511 719 3572 mutua
740 3507 906 3589 promittit3
937 3511 1035 3574 oratio
1058 3514 1192 3577 enimet

159 3799 164 3827 ¹
171 3808 178 3862 j
203 3798 286 3866 Apud
304 3798 416 3866 priores
434 3800 548 3854 verbum
565 3802 623 3867 jam
641 3803 669 3855 in
688 3802 782 3869 priore
803 3803 945 3855 sententio
963 3804 1099 3869 ponitur:
1126 3807 1192 3860 Hor.

202 3882 387 4035 ῇξίτειὲζὶεῗ,
405 3887 463 4024 I21}5
485 3884 627 4025 igtjirlff.
646 3886 772 4026 {ilgngl}
797 3889 853 3952 191,
878 3887 936 3953 jem
964 3887 994 3939 in
1013 3892 1195 3955 posteriore:

267 4007 272 4019 ·
380 4009 386 4021 ·
420 4009 426 4036 r
466 4009 473 4036 r
513 4009 519 4034 r
569 4010 574 4022 ·
620 4009 625 4021 ·
700 4003 709 4013 ·
763 4011 769 4023 ·
