2566 4404
131 217 192 280 140
568 210 611 262 De
628 207 734 274 ellipsi.

127 413 341 491 (55351550
367 414 454 496 petit
480 414 621 486 505505)
652 411 750 474 altera
778 428 901 490 qnoque
929 405 1088 481 sententia,
1115 420 1155 484 qua

130 540 258 603 precum
281 524 353 586 deos
376 521 565 586 flectentium
587 520 633 583 vis
656 508 856 600 significatur,
889 516 929 580 ab
952 517 1055 580 ecdem
1075 530 1156 595 prono

128 629 209 692 minc
238 628 372 710 incipere
393 628 485 692 debet
515 633 556 703 (v.
580 629 655 700 539)
677 623 779 688 lilius
801 623 949 687 55055505
969 621 1158 699 meditataque

128 755 301 799 murmura
322 754 410 815 squ«
458 735 573 798 Verum
595 734 650 797 illa
672 732 769 796 altera
791 729 946 794 sententia
962 747 1057 810 neque
1070 743 1156 790 norun

133 843 307 924 exemplum
330 861 427 923 neque
450 842 524 906 alias
548 859 652 922 preces
672 858 771 921 neque
793 836 889 900 alium
905 837 1047 921 precandi
1062 833 1159 896 modun

65 1016 68 1022 ,
130 951 249 1034 profert
283 951 315 1012 et
347 949 475 1031 simplex
509 949 645 1011 eiusdem
679 944 810 1029 exempli
840 942 1030 1008 continuatio
1057 942 1160 1019 ost3et

130 1055 232 1119 Illius
263 1060 304 1136 (v.
327 1059 402 1132 539)
436 1073 493 1118 505
527 1055 605 1118 alius
639 1055 686 1117 est
715 1056 806 1133 atque
827 1047 894 1114 Ille
920 1057 961 1124 (v.
985 1053 1071 1126 535),
1102 1044 1160 1128 quod

131 1181 299 1243 pronomen
332 1162 479 1242 singulari
514 1162 543 1225 vi
571 1161 671 1246 primo
699 1179 804 1223 versus
826 1160 893 1223 loco
915 1159 1051 1240 positum
1070 1151 1161 1238 repc't

127 1270 192 1336 (cfr.
216 1270 258 1343 ΙΙ,
282 1273 332 1342 93,
356 1272 408 1346 99,
431 1269 483 1332 ubi
502 1267 569 1331 Ille
590 1286 695 1332 versus
716 1272 757 1332 93
780 1266 859 1329 alius
882 1270 930 1329 est
953 1269 1043 1346 atque
1064 1261 1121 1325 lite
1136 1279 1156 1323 r.

132 1375 198 1457 99),
227 1393 323 1455 neque
346 1373 453 1455 culpa,
488 1374 609 1456 quaein
631 1395 659 1438 v.
683 1378 746 1439 549
767 1377 1033 1444 commemoratur,
1054 1370 1160 1434 aliaest

135 1483 226 1562 atque
255 1482 443 1546 concubitus
472 1482 565 1566 culpa
592 1485 632 1561 (v.
655 1480 742 1561 536),
777 1483 808 1543 et
830 1480 856 1542 si
879 1483 950 1561 post
978 1496 1116 1564 serpeus,
1131 1484 1159 1545 o.

130 1591 205 1662 538)
229 1593 342 1672 puncto
365 1590 519 1667 inciditur,
543 1589 708 1652 secundum
731 1587 869 1668 regulam
886 1584 1159 1677 alladvigioacutc

124 1696 325 1760 constitutam
345 1698 398 1759 aut
413 1715 489 1760 nova
502 1714 629 1776 persona
639 1692 772 1775 (Illius)
796 1696 850 1757 aut
870 1711 984 1757 novum
1008 1691 1156 1776 exemplum

125 1803 360 1882 exspectandum
383 1805 457 1865 erut.
502 1801 709 1876 Hucaccedit‚
732 1801 811 1882 quod
835 1800 888 1863 illa
910 1800 1100 1864 distinctione
1117 1798 1157 1860 aut

7 1924 10 1928 ⁴
124 1909 293 1990 tautologia
317 1910 454 1989 quadam
479 1910 582 1982 oritur,
604 1910 658 1970 sut
680 1908 842 1971 discrimen
864 1907 996 1988 aliquod,
1018 1907 1092 1988 quod
1112 1921 1155 1967 noo

124 2013 205 2078 inest
228 2016 300 2095 (nisi
321 2017 402 2098 quod
418 2017 557 2097 precibus
576 2016 708 2079 lacrimae
724 2016 898 2089 adduntur),
922 2016 1003 2078 inter
1013 2013 1078 2078 Ille
1088 2009 1154 2093 petit

122 2103 252 2184 acutam
274 2127 305 2185 et
319 2122 413 2186 itlius
434 2121 578 2185 tucrimoe
590 2125 765 2202 55555555,
788 2124 826 2184 ut
840 2121 948 2186 Osiris
964 2122 1089 2186 ueuiuu
1104 2134 1151 2181 505

124 2228 252 2291 555555
265 2229 364 2294 inesse
383 2230 503 2292 dicitur.
534 2230 605 2293 Alia
619 2230 864 2313 interpunctione
884 2230 987 2304 (modo
1004 2228 1152 2292 mensum

121 2333 277 2416 Madvigio
305 2337 545 2400 demonstratum
576 2355 613 2398 ne
635 2338 772 2410 reducat)
823 2337 924 2400 locum
954 2333 1148 2399 emendandum

124 2461 189 2505 esec
208 2443 396 2507 crediderim.
441 2444 701 2522 Quemadmodum
720 2444 786 2507 loco
804 2445 896 2524 supra
915 2445 1053 2506 enarrato
1074 2432 1152 2520 (xli,

125 2551 304 2630 llo-nrt)
316 2551 382 2614 duae
399 2552 625 2615 enunciationes
638 2551 752 2631 priores
775 2570 843 2613 cum
858 2550 983 2632 upodosi
995 2550 1039 2614 ita
1050 2567 1080 2612 se
1091 2539 1157 2609 erci-

120 2656 255 2735 piunt,ut
263 2657 344 2737 prior
355 2658 495 2738 epodosis
505 2658 679 2741 anteposita
689 2655 1169 2738 (utcuautllaparaturpuueo

119 2763 286 2843 postposita
300 2763 340 2826 sit
352 2765 553 2846 (mercoris),
572 2765 616 2827 sic
635 2766 760 2828 eandem
777 2765 919 2845 loquendi
934 2767 1061 2828 sormam
1072 2757 1184 2828 inhni

120 2886 239 2949 quoque
252 2869 317 2933 loco
328 2870 427 2933 inesse
440 2872 538 2937 credo.
584 2875 610 2933 A
624 2870 817 2952 Mupuupue
830 2877 869 2946 (v.
884 2873 961 2953 538)
975 2873 1057 2935 euim
1076 2855 1197 2959 alte-‘J

120 2976 293 3038 enunciatio
315 2976 396 3056 prior
419 2977 526 3058 incipit
551 2979 716 3062 (particula
738 2980 770 3041 si
792 2980 824 3041 in
847 2997 951 3043 versus
973 2978 1061 3042 initio
1083 2993 1147 3039 051
1186 2967 1196 3006 ⁸

119 3082 196 3145 titur
230 3082 284 3145 cfr.
318 3081 364 3144 Et
391 3083 543 3165 proferre
577 3083 653 3148 libet
677 3086 793 3169 flues),
828 3085 1024 3166 quamobrem
1055 3072 1196 3147 com?

118 3187 263 3268 Madvigii
288 3202 358 3273 post
388 3190 527 3253 cadurco
562 3198 601 3267 (v.
624 3197 703 3267 537)
734 3194 866 3273 positum
901 3193 1084 3256 servandum
1115 3181 1196 3252 ot

119 3296 173 3358 sed
206 3299 275 3377 post
307 3316 440 3378 serpeus
475 3301 626 3362 commate
658 3318 717 3364 non
750 3303 861 3380 puncto
890 3299 1083 3364 incidendum
1112 3314 1148 3358 e=
1169 3289 1196 3331 ²

118 3400 301 3465 Juncturam
325 3404 406 3467 enirn
429 3405 689 3480 verborumhenc
712 3426 778 3471 0550
801 3408 904 3470 credo:
931 3398 1196 3487 »5000550555ζ

118 3507 288 3570 concubitu
310 3530 377 3573 505
400 3512 549 3589 obstinet,
571 3511 628 3577 illc
649 3515 779 3577 0055555
794 3515 889 3595 petit,
913 3513 1006 3593 et(si)
1025 3506 1196 3592 ruopr5⁴

22 3616 24 3620 ’
110 3633 223 3694 50055
260 3616 398 3681 cadurco
430 3618 552 3682 uiolato
583 3620 713 3684 debetur
741 3626 839 3701 utque
860 3625 1017 3701 uupeuteu
1038 3612 1196 3700 0055οῒε

117 3724 216 3801 caput
251 3725 390 3787 mouisse
422 3727 495 3788 cisa
528 3732 576 3790 est
609 3728 653 3804 (in
680 3748 808 3793 ascensu
831 3729 976 3793 orationis
997 3727 1043 3790 Et
1070 3720 1196 3811 prinff

117 3847 222 3892 versus
245 3829 310 3894 loco
333 3831 467 3911 positum
489 3836 673 3899 sententiam
694 3837 816 3916 gravius
839 3839 1013 3918 portentum
1033 3828 1196 3915 prom&

116 3939 177 3998 tem
191 3937 339 4017 annectit)
358 3936 451 4002 itlius
473 3938 658 4004 lacrimce
672 3946 847 4022 prestant,
870 3946 907 4005 ut
922 3942 1029 4007 Osiris
1040 3937 1196 4005 uentos:

107 4063 176 4109 uon
187 4043 323 4125 ubuuut,
349 4067 420 4114 nam
433 4066 534 4123 voces,
552 4068 622 4131 qna
634 4054 709 4113 sunt
720 4048 824 4110 Illius
831 4048 991 4120 loculum,
1004 4042 1196 4125 prsucmd
