2566 4404
196 189 238 254 56
321 224 323 228 -
471 183 514 237 De
532 182 666 238 liberiore
684 180 831 236 verborum
848 182 958 248 positu.

160 360 167 369 ⁴
198 392 264 456 est⁴
280 388 462 473 sufficiunt,
494 391 583 470 poeta
615 387 647 450 in
680 384 737 449 tali
769 384 994 449 sententiarum
1027 385 1220 470 conjunctione,¹

199 497 299 581 qualis
321 499 387 561 hac
410 497 467 573 est,
495 495 633 558 futurum
653 495 775 575 tempus
801 510 912 574 ponere
935 493 1028 572 solet,
1050 495 1216 576 quamobrem

200 607 231 671 id
253 607 367 682 votnm,
381 603 468 685 -quod
486 583 684 693 desideratur,
706 599 740 663 in
761 598 913 667 sententia
934 601 1124 681 praecedenti
1148 601 1218 666 latet:

205 712 341 795 Quando
364 732 419 793 epo
436 729 568 791 pauper
590 706 667 774 ero?
689 710 720 772 et
740 708 807 770 haec
823 707 917 771 verba
926 707 1147 792 interrogantis
1161 712 1220 788 sunt

200 824 245 888 ita
265 823 301 885 nt
321 821 387 884 haec
408 816 606 900 interrogatio
628 813 863 896 interrogationi,
885 820 1095 898 aquapocta
1110 819 1221 903 votorrn

201 927 417 1011 expositionem
438 925 558 1008 incipit:
592 922 727 1004 Quando
750 941 806 1003 epo
820 922 926 1006 pipam
948 922 1108 1009 aliquid?
1127 925 1223 990 omnine

201 1036 389 1119 respondeat.
418 1031 586 1096 .Naovolus
613 1033 800 1095 senectutem
829 1048 848 1093 a
875 1031 979 1112 tegete
1002 1037 1109 1114 atque
1140 1032 1224 1099 baculo

201 1141 417 1221 (mendicitatis
431 1140 614 1222 insignibus)
626 1141 724 1202 tutam
747 1142 853 1220 optans
876 1143 907 1202 et
929 1143 1142 1221 paupertatem
1157 1149 1225 1218 (eam

202 1269 302 1334 quam·
316 1251 406 1333 poeta
426 1248 537 1312 ironice
560 1265 629 1311 erun
650 1247 860 1328 paupertatem
882 1245 1060 1329 intelligere
1082 1249 1165 1341 dicit)
1184 1246 1225 1313 sili

203 1358 341 1423 sufficere
362 1355 528 1429 affirmans,
550 1354 607 1419 hoc
627 1354 785 1418 exclamat:
812 1353 949 1434 Quando
962 1374 1021 1441 epo
1028 1377 1160 1439 pauper
1168 1352 1226 1422 croi

203 1464 395 1548 quamobrem
418 1466 509 1546 poeta
531 1461 712 1544 particulam
735 1461 862 1545 quondo
892 1464 1026 1545 udoque
1056 1463 1123 1529 loco
1143 1465 1227 1530 eadem

203 1571 422 1656 significatione
444 1570 540 1653 ponit,
563 1573 602 1645 et,
626 1568 652 1634 si
664 1569 814 1633 sententia
824 1557 1046 1652 interrogantis
1058 1586 1120 1638 non
1130 1571 1226 1648 fuisset,

204 1700 273 1745 eum
296 1678 486 1763 adjectivum,
510 1668 589 1758 quod
611 1679 658 1740 est
674 1696 813 1756 pauper,
846 1695 930 1740 more
953 1697 1020 1755 suo,
1055 1680 1129 1763 quia
1148 1680 1227 1745 colia·

204 1788 303 1853 rentia
325 1785 470 1851 sermonis
492 1785 564 1848 huic
586 1784 734 1866 adjectivo
752 1784 897 1848 maiorem
918 1785 983 1848 vim
1006 1787 1055 1852 sic
1075 1787 1227 1861 addidisset

159 1889 162 1894 ’
203 1895 298 1978 primo
321 1913 425 1958 versus
447 1893 513 1957 loco
534 1891 704 1974 positurum
724 1891 827 1967 fuisse,
851 1892 1017 1958 verisimile
1029 1898 1093 1960 est:
1116 1895 1228 1974 Pauper

205 2001 333 2086 quaudo
357 2021 412 2083 epo
436 2019 499 2078 ero,
522 1999 583 2076 sed,
607 1999 678 2080 qnia
699 2002 825 2080 utraque
855 2001 1007 2067 sententia
1030 1999 1227 2085 interrogantis

128 2111 135 2126 '
204 2113 260 2183 est,
283 2128 379 2182 vocae,
402 2127 468 2190 quae
491 2109 562 2171 sunt
574 2107 679 2191 pipam
701 2109 733 2170 et
754 2127 893 2187 pauper,
915 2108 987 2190 quia
1008 2128 1164 2175 summam
1181 2105 1228 2173 voti

205 2217 369 2290 continent,
392 2234 426 2280 eo
450 2214 694 2297 interrogationis
716 2214 782 2280 loco
803 2218 964 2297 ponuntur,
988 2220 1025 2281 ut
1047 2219 1155 2284 eodem
1173 2235 1229 2300 pon·

207 2326 276 2389 dere
310 2323 482 2388 efferantur.
527 2325 601 2387 Post
629 2321 694 2386 trac
723 2322 836 2387 maiore
863 2322 949 2404 signo
971 2324 1231 2408 interpungendum

207 2437 262 2510 est,
285 2450 377 2514 quam
398 2432 622 2495 distinctionem
646 2432 677 2493 et
699 2429 781 2493 verbi
803 2432 922 2510 tempus
938 2429 1124 2516 (sufficiunt)
1140 2435 1172 2497 et
1188 2427 1231 2495 loci

206 2540 284 2604 ratio
306 2539 506 2604 commendat.
551 2537 648 2602 Voces
681 2556 738 2602 acc
770 2536 886 2601 saltem
913 2556 947 2601 ex
970 2539 1065 2604 huius
1087 2540 1185 2605 atatis
1202 2537 1233 2600 le

208 2647 318 2728 quondi
346 2666 403 2712 usu
432 2646 512 2735 idem
545 2645 647 2709 valent
678 2648 768 2727 atquc
799 2644 986 2729 rra-puidam.
1043 2647 1153 2721 Verba,
1183 2661 1234 2728 qna

207 2757 390 2836 sequuntur:
422 2772 480 2818 acc
500 2772 574 2833 spes
596 2752 664 2816 His
688 2752 811 2829 saltem,
846 2755 881 2817 ut
903 2754 1000 2817 obiter
1020 2753 1081 2818 hoc
1102 2755 1236 2838 ottingun

210 2859 289 2944 (His
315 2861 353 2924 ad
380 2879 542 2942 pronomen
575 2880 776 2943 praegressum
803 2859 868 2924 trec
889 2860 1083 2926 referendum
1105 2864 1176 2946 est),
1204 2861 1238 2924 ita

208 2968 404 3052 explicantur,
437 2971 472 3033 ut
504 2968 623 3033 dativus
645 2987 699 3049 pro
720 2970 859 3052 genetivo
882 2967 1029 3050 objectivo
1053 2967 1239 3044 substantivo,

209 3077 287 3159 quod
309 3079 357 3140 est
384 3095 466 3156 spec,
499 3075 619 3141 additus
653 3075 718 3140 esse
751 3077 876 3154 dicatur,
912 3077 965 3140 sed
997 3095 1167 3158 pronomen
1187 3073 1240 3142 voci

208 3203 282 3265 spes
313 3187 384 3260 (est)
407 3183 599 3266 adjungitur:
622 3184 676 3247 cir.
699 3184 772 3248 Hor.
798 3182 860 3248 Sat.
882 3183 906 3258 l,
930 3187 958 3262 6,
981 3187 1017 3250 71
1049 3184 1165 3250 eausa
1182 3182 1243 3269 soit

203 3295 303 3371 poter
325 3290 391 3366 tis:
413 3291 438 3366 I,
451 3295 479 3366 8,
501 3294 542 3358 36
565 3290 616 3355 Ne
629 3289 721 3373 foret
742 3290 793 3355 tis
816 3292 925 3369 testis;
946 3294 979 3356 et
1000 3293 1125 3358 omnino
1147 3297 1243 3377 poete,
1273 3352 1275 3365 ,

209 3398 262 3462 ubi
283 3398 441 3480 genetivus
465 3398 645 3463 substantivi
667 3399 855 3463 substantivo
877 3399 1061 3481 adjungitur,
1096 3402 1155 3466 hoc
1185 3416 1244 3484 pro·

209 3519 318 3592 nomen
341 3505 441 3570 dativo
463 3525 534 3571 casu
557 3507 715 3571 sententia
737 3507 846 3570 addere
869 3507 980 3571 solent:
1003 3508 1157 3594 cfr.Virg.
1178 3512 1245 3574 len

210 3613 235 3689 l,
251 3615 311 3679 199
333 3611 438 3676 Dabit
459 3613 536 3678 deas
561 3613 612 3677 lais
634 3633 756 3698 quoque
780 3615 881 3699 finem
914 3616 966 3679 sed
993 3615 1098 3697 paullo
1120 3621 1191 3700 post
1210 3616 1248 3700 (in

211 3740 238 3783 v.
263 3721 338 3800 241)
367 3719 465 3800 Quem
487 3720 556 3798 doc,
579 3742 636 3787 rec
657 3742 782 3804 stupae,
795 3722 896 3806 ficem
919 3721 1092 3788 ludorum?

297 3827 331 3890 In
355 3829 616 3909 praepositionibus
638 3831 782 3911 ponendis
805 3830 965 3896 luvenalis
986 3849 1004 3895 a
1025 3833 1165 3914 priorum
1187 3853 1250 3920 poe·

212 3937 312 4007 tarum
334 3935 475 4016 loquendi
496 3956 554 4001 usu
576 3956 634 4003 non
656 3938 756 4002 minus
790 3939 926 4003 discedit.
970 3935 1159 4022 Praepositic
1187 3962 1252 4011 cum

212 4061 283 4108 casn
306 4042 445 4121 everha,
467 4044 505 4109 ad
527 4045 605 4127 quod
628 4045 769 4126 pertinet,
803 4046 859 4121 vel,
889 4047 941 4109 ubi
962 4047 1001 4110 ad
1029 4049 1253 4119 substantivum
