2566 4404
347 237 390 291 De
408 237 558 306 particulis
579 239 758 306 copulativis.
1013 247 1071 309 101

121 461 144 505 r.
190 443 226 504 In
253 442 362 506 iisdem
396 443 458 505 fere
491 459 546 523 pro
573 445 728 506 materne
753 447 792 518 (v.
815 447 891 522 497)
910 450 1073 511 'matrona

120 567 172 622 our,
197 567 289 630 quam
311 550 494 634 scripturam
520 551 681 630 Rupertius
703 569 821 632 quoque
846 552 952 617 babet:
986 535 1073 636 »quae

123 656 201 720 lanis
225 656 348 721 admota
370 660 426 728 est,
461 659 624 741 postquam
657 659 785 722 emerita
817 677 873 722 aou
911 661 1071 737 cessavit«

121 763 188 826 orba
210 767 363 826 matrone
385 763 580 844 admotoque
603 762 692 828 larris
726 765 852 827 duarum
890 766 1073 830 feminarum

124 870 339 934 efflorationem
364 870 530 946 continent,
553 869 643 934 verba
666 874 770 935 autem
792 876 942 935 materno
965 872 1073 936 aeluro-

143 975 233 1039 lum's
254 977 354 1050 unius,
390 982 421 1041 et
453 978 501 1059 adj
523 977 671 1041 otivorum
707 997 804 1060 genus
838 979 1019 1042 femininum
1041 979 1074 1043 in

122 1084 196 1146 atire
218 1101 273 1167 pro
303 1084 493 1148 substantivo
516 1085 599 1170 poni,
628 1084 720 1148 multi
744 1084 834 1148 buius
857 1086 1073 1168 disputationis

122 1189 181 1254 atis
204 1191 463 1254 demonstrabunt.
516 1192 593 1254 Tote
615 1191 696 1254 enim
720 1192 813 1256 satira
834 1193 867 1256 in
890 1193 1073 1257 feminarum

123 1295 358 1377 perstringendis
370 1302 516 1372 versatur,
540 1303 571 1364 et
594 1299 643 1362 ubi
667 1298 850 1380 adjectivum
869 1300 1005 1383 positum
1018 1304 1073 1374 est,

123 1404 220 1485 ibique
243 1403 482 1481 substantivum,
506 1406 584 1486 quod
608 1410 655 1469 est
669 1404 809 1488 femina,
832 1406 965 1469 auditur.

123 1511 145 1572 [n
168 1510 262 1573 satira
285 1511 399 1591 quintu,
423 1510 474 1573 ubi
497 1515 596 1595 poeta,
620 1513 769 1592 quomodo
795 1512 882 1576 Virro
905 1530 1071 1598 pauperem

123 1635 176 1694 em,
199 1634 289 1697 quem
312 1618 348 1679 ad
372 1635 495 1681 coenam
520 1619 647 1694 vocavit,
671 1619 751 1682 omni
770 1620 863 1683 modo
886 1619 1020 1683 derideat
1042 1621 1074 1682 et

123 1725 172 1799 tat,
195 1722 281 1786 nobis
303 1723 434 1808 exponit,
457 1742 524 1787 av.
548 1728 587 1789 37
612 1725 677 1787 haee
700 1725 814 1811 scripta
837 1730 921 1790 sunt:

536 1936 614 2017 Ipse
637 1957 772 2018 sapaces

123 2041 247 2105 libatura
269 2047 398 2106 crustas
423 2047 453 2107 et
474 2043 657 2122 inaequales
679 2043 800 2125 beryllo

123 2169 169 2211 rro
193 2152 277 2213 terret
293 2149 449 2230 pbfoles:
473 2151 532 2213 tr‘br'
555 2171 622 2214 oorr
647 2152 860 2214 committitur
882 2171 1010 2224 aarum,

123 2254 140 2335 l,
163 2257 194 2318 sl
216 2256 345 2337 quaudo
369 2257 479 2335 detur,
503 2262 613 2321 eustos
635 2257 760 2356 affixus
781 2258 908 2335 r‘blrlerrr⁷

124 2363 303 2427 tremeret
323 2384 477 2445 yemrnes
501 2385 623 2446 uuyoes
646 2365 788 2443 observet
810 2368 930 2428 acutos.

124 2577 192 2639 ziam
214 2577 345 2641 Jahnius
369 2580 467 2642 locum
493 2579 566 2646 edit.
604 2596 786 2660 quamquam
811 2579 976 2662 scriptura,
1008 2594 1074 2656 quae

124 2682 243 2764 eryllus,
277 2689 308 2748 et
340 2685 525 2765 optimorum
559 2687 696 2749 codicum
728 2689 758 2747 et
781 2684 891 2748 eodiois
918 2682 1074 2747 Pithooani

124 2790 205 2853 itate
228 2791 410 2855 defenditur.
471 2791 570 2856 Codex
599 2793 681 2855 onim
710 2792 895 2854 Pithoeanus
936 2794 966 2853 et
998 2791 1074 2852 r'rrae·

123 2917 140 2960 s
170 2896 308 2978 beryllos
337 2897 433 2961 Virro
464 2901 549 2962 terret
571 2897 692 2979 pblulu
724 2898 825 2966 habet,
862 2898 961 2962 multi.
995 2898 1074 2960 inter

123 3022 228 3068 omnes
250 3005 452 3071 Haunienses.
477 3008 507 3068 et
528 3004 708 3085 inaequales
724 3004 863 3087 beryllos
882 3004 976 3068 Vr'rro
990 3006 1074 3066 terret

123 3131 167 3174 os.
189 3115 192 3120 '
214 3111 369 3193 Scriptura
382 3111 530 3193 beryllos,
555 3111 581 3174 si
593 3121 685 3196 poeta
697 3111 817 3193 beryllo
831 3112 962 3196 scripsit,
979 3128 1072 3190 quum

123 3219 259 3290 tntivunn
286 3221 364 3299 quod
388 3223 434 3283 est
449 3218 599 3300 pblalos,
622 3220 725 3283 eodem
742 3239 815 3283 easu
827 3237 884 3298 quo
901 3218 1075 3300 praecedens

123 3326 208 3389 tivum
234 3325 443 3409 (inaequales)
466 3331 619 3408 sequatur,
656 3327 701 3389 ita
734 3331 769 3390 ut
791 3343 880 3389 nemo
903 3341 962 3390 non
984 3343 1073 3389 voees

122 3432 204 3497 coles
221 3433 360 3513 pblalas
383 3433 581 3516 conjunxerit,
610 3433 711 3497 minus
739 3432 946 3497 verisimiliter
968 3451 1002 3495 ox
1026 3433 1073 3496 be·

122 3543 189 3604 outa
202 3545 257 3617 est,
280 3559 381 3622 quam,
405 3541 476 3622 quia
487 3543 550 3603 tres
561 3541 725 3604 accusativi
751 3544 900 3616 (erastus,
924 3539 1072 3620 beryllos,

122 3663 169 3722 os)
194 3647 349 3711 difficilem
376 3649 535 3711 verborum
554 3648 730 3729 juncturam
755 3652 845 3729 atque
868 3649 1070 3712 difficiliorem

122 3756 337 3837 xplioationem
369 3755 515 3829 efficiunt,
549 3755 636 3817 alter'
658 3754 691 3817 in
724 3752 842 3833 beryllo
877 3760 1012 3819 mutatus
1041 3759 1073 3818 et

122 3883 148 3926 us
192 3862 371 3941 inaequales
410 3860 550 3942 pblolus
589 3862 751 3942 adjunctus
793 3863 849 3925 est.
915 3860 1073 3927 Ena1·ratio

121 3969 207 4043 ntrii,
231 3984 296 4050 puae
317 3967 600 4034 verbaHelr'odrrrn
623 3973 754 4037 erastus
779 3973 809 4035 et
830 3968 1020 4051 luequules
1035 3970 1093 4030 loe-

110 4093 120 4131 r
158 4073 252 4136 Vr'rro
286 4080 374 4141 terret
395 4078 545 4159 palatas
583 4082 630 4149 sio
668 4083 827 4169 explieat:
875 4078 992 4142 ellim
1025 4064 1125 4134 iffi&
