2566 4404
115 189 157 252 98
436 184 479 238 De
498 182 649 251 particulis
670 174 850 251 copulatixis.

201 389 237 451 In
259 388 366 486 eadem
388 388 491 465 satira,
525 405 583 468 quo
615 387 683 450 loco
710 387 802 468 poeta
835 387 943 449 notum
972 384 1047 449 illud
1072 385 1142 466 >odie

117 497 237 556 σεαυτόν
260 497 461 568 commendat,
484 513 510 558 a.
533 513 562 556 v.
585 496 624 557 27
650 488 693 556 sic
716 493 952 573 scriptumest:
1074 524 1077 530 ·
1138 513 1141 519 ·

429 644 465 708 E
484 644 570 709 coeio
594 644 759 708 descendit
779 643 872 725 γνῶθι
894 644 1014 704 σεαυτόν

200 751 386 835 Fiyeudum
408 755 438 816 ei
459 753 593 817 memori
615 750 826 815 tractandum
841 753 983 831 pectore,
1005 748 1068 812 siae

205 859 403 941 Ooujuyium
425 878 556 941 quares
578 857 628 923 oei
649 857 741 922 sacri
762 857 799 920 iu
815 859 918 937 parte
938 860 1069 920 acuatur

200 966 284 1031 Esse
305 967 385 1031 ociis
408 968 480 1049 (uec
502 968 588 1031 euim
611 964 747 1029 ioricam
762 964 874 1044 poscit
895 962 1038 1026 Achillis

205 1073 378 1151 marsius,
401 1076 438 1138 iu
461 1094 527 1154 qua
549 1093 584 1138 sc
606 1064 801 1136 traducebai
825 1069 942 1136 Uliucs

206 1181 413 1264 Accipiam),
436 1201 494 1245 seu
516 1184 552 1243 iu
574 1199 692 1274 maquo
716 1177 905 1242 discrimine
928 1195 1058 1239 causam

202 1287 376 1371 Proieyere
399 1287 552 1372 affectas;
575 1290 605 1351 ie
627 1280 766 1359 cousuie,
789 1284 842 1347 dirl
864 1283 934 1362 didi,
960 1283 1034 1365 quis
1053 1282 1102 1356 sis,

205 1393 326 1459 Orator
346 1396 521 1473 oedemeus,
544 1413 589 1457 au
616 1391 752 1458 Curtius
774 1394 804 1454 et
826 1389 944 1454 MaiIoo
969 1391 1076 1454 bucca.

115 1526 168 1617 'sie
199 1553 394 1618 Heinrichius
427 1555 528 1620 locum
565 1557 638 1631 edit,
676 1556 727 1636 qui
750 1553 936 1635 Rupertium
970 1569 1102 1617 accusas
1118 1549 1141 1609 ot

117 1661 341 1725 enarrationem
383 1662 559 1742 Heineclrii‚
595 1662 646 1745 qni
661 1713 666 1727 .
679 1661 771 1726 verba
808 1681 867 1725 uec
901 1661 987 1724 euim
1020 1658 1140 1722 ioricam

116 1767 303 1849 Aucimiem
325 1767 579 1834 absurdissimam
601 1771 755 1852 glossema
776 1770 874 1847 vocat,
911 1767 1055 1830 refellens
1074 1762 1141 1828 atur

117 1877 209 1956 atque
229 1875 324 1939 edidit
341 1880 373 1938 et
389 1886 493 1968 versus
509 1876 648 1940 distinxit
661 1876 762 1939 locum
782 1881 912 1939 enarrat.
958 1870 1142 1955 Adjectivum

118 1983 197 2063 quod
212 1985 260 2046 est
275 1982 468 2063 Aucu‘piiem
492 1983 572 2064 quod
594 1983 691 2046 maior
713 1982 852 2046 codIcum
874 1990 945 2062 pars
967 1979 1150 2044 oxi-subsan-

117 2090 216 2152 tivum
240 2088 376 2152 ioricam
398 2090 501 2164 refert,
534 2109 552 2153 a
573 2077 807 2171 pronomine'ae
828 2087 933 2152 divelli
954 2105 1044 2169 posse
1066 2078 1163 2166 negat

45 2215 51 2232 ·
120 2199 151 2260 et
172 2196 293 2261 Ulixem
315 2196 347 2259 in
370 2198 461 2260 IorIca
483 2197 596 2260 maiore
618 2215 654 2260 ac
683 2196 852 2260 robustiore
890 2195 979 2257 Aiaci
1008 2196 1112 2276 parata
1134 2186 1173 2240 5⁰

119 2303 295 2383 ancipitem
317 2302 517 2367 traduxisse
540 2305 572 2367 et
594 2322 626 2366 se
655 2304 822 2367 traduxisse
857 2301 946 2384 (risui
981 2271 1187 2381 exposuiasfli

118 2414 149 2475 et
171 2429 203 2473 sc
226 2409 386 2490 ancipitem
412 2410 519 2491 (etwas
542 2411 734 2490 zwcidcutig)
756 2409 926 2473 ostendisse
939 2392 1187 2488 interpretatus

118 2516 283 2598 Rupertius
304 2517 336 2579 in
359 2517 455 2580 altera
478 2517 610 2585 editione
623 2534 732 2580 novam
745 2515 900 2579 enarrandi
913 2515 995 2578 viam
1010 2499 1187 2596 ingresso

117 2627 180 2687 est:
203 2626 273 2704 post
301 2622 415 2687 Uliaes
438 2623 552 2702 (131)
577 2627 689 2703 puncto
710 2622 828 2698 incidit,
851 2622 1034 2702 proposcit
1057 2595 1187 2703 (135

63 2741 66 2746 ’
110 2735 232 2810 poscat
253 2730 415 2812 legendum
440 2748 506 2794 esse
528 2732 632 2794 censet
655 2733 685 2793 et
697 2731 834 2793 enarrat:
866 2728 1058 2810 »rigandum
1086 2719 1187 2791 veli²

117 2855 175 2901 nec
196 2836 286 2913 enim,
317 2855 413 2918 neque
436 2838 538 2910 etiam,
571 2836 699 2900 loricam
735 2839 766 2897 ct
795 2853 879 2898 arma
902 2834 1034 2898 Achillis
1065 2827 1187 2915 poscffl

118 2943 284 3016 Thersites,
307 2945 399 3008 homo
421 2943 519 3025 qualis
542 2943 699 3007 Thersites
722 2943 790 3018 fuit,
812 2942 846 3004 in
869 2961 927 3023 qua
944 2960 976 3004 se
989 2938 1187 3006 traducebat

117 3051 264 3115 Achilles.
308 3050 484 3132 Ancipitem
506 3053 541 3114 tn
564 3066 686 3113 causam
712 3068 767 3113 seu
785 3069 854 3112 curn
869 3066 979 3129 magno
992 3049 1187 3112 discrimim«

116 3162 274 3240 protegere
298 3157 432 3235 affectas,
455 3160 486 3221 te
499 3156 651 3219 consula«
696 3155 832 3236 Locutio,
856 3157 984 3238 quaeest
999 3155 1187 3220 traduces

114 3281 158 3340 se,
181 3263 295 3326 nullam
319 3262 530 3327 difficultatem
557 3262 662 3338 haba,
698 3281 767 3326 narn
804 3245 989 3344 quamquam
1018 3272 1187 3345 nusquam

116 3369 198 3441 alibi,
233 3369 311 3449 quod
346 3371 451 3450 sciam,
485 3370 624 3442 occurrit,
658 3373 690 3432 et
722 3370 804 3451 apud
826 3370 1010 3434 Iuvenalem
1035 3376 1068 3435 et
1091 3376 1187 3452 apoc

116 3477 231 3539 ceteros
253 3475 344 3539 huius
368 3477 468 3540 aetatis
491 3477 653 3558 scriptores
676 3477 778 3540 activa
791 3476 873 3540 verbi
887 3478 1187 3545 formairaducere

116 3581 258 3661 aliquem
290 3582 419 3646 ludibrio
454 3584 586 3665 aliquem
618 3583 729 3646 habere
763 3583 917 3666 significat
940 3585 993 3648 cfr.
1016 3585 1106 3662 VIII,
1135 3579 1187 3652 l'r‘

116 3687 311 3770 dquaieutes
334 3688 479 3753 traducit
500 3709 587 3765 auos,
621 3694 651 3754 et
673 3690 793 3772 passiva
815 3692 912 3755 forma
935 3690 1094 3755 traducor
1117 3709 1187 3776 pro

115 3816 161 3875 eo,
184 3796 264 3876 quod
287 3798 335 3859 est
357 3796 480 3875 derisui,
514 3797 644 3862 ludibrio
667 3817 745 3871 sum,
770 3799 881 3879 saepius
904 3798 1026 3880 ponitur
1049 3799 1104 3862 cir.
1130 3801 1178 3864 ΙΙ.

118 3906 191 3970 159:
235 3901 311 3967 Heu
345 3903 457 3967 miseri
487 3905 704 3988 traducimur,
738 3907 936 3986 quamobrem
968 3905 1169 3970 Heinrichius

105 4029 166 4093 pro
186 4029 224 4076 re
245 4009 417 4078 traducere
442 4010 538 4078 »risui
560 4030 594 4078 se
618 4030 786 4095 1111111111
808 4012 1086 4098 11111111111111111ἱ
1114 4014 1170 4075 sed
