2566 4404
484 221 527 274 De
548 221 652 289 ellipsi.
1033 224 1088 288 131

124 443 131 486 ι
164 442 227 487 suae
257 424 356 506 magis
387 443 478 506 quam
508 424 631 488 illorum
654 425 822 488 condicioni
846 427 919 510 apta
942 423 1090 509 subjicere

124 530 313 610 >stendimus‚
336 534 377 606 et,
400 550 438 594 ne
460 531 581 614 longius
604 531 719 606 abeam,
742 531 793 595 hie
815 532 879 612 ipse
901 531 987 595 locus
1009 533 1090 595 hunc

124 659 127 699 ι
147 639 345 716 demonstrat,
369 657 440 703 nam
458 637 535 701 illud
549 657 567 700 a
580 638 734 731 Madvigio
745 638 928 720 explicatum
943 638 1087 701 »Aiacem

125 763 154 807 m
187 762 300 826 poenas
333 746 462 809 fortasse
493 744 571 808 velle
600 746 751 827 erigere«,
787 746 866 825 quod
897 763 935 808 ne
965 745 1003 809 ab
1035 744 1090 808 illo

124 870 172 927 em,
205 852 258 934 qui
280 869 312 914 re
333 869 406 916 vera
426 852 517 931 poeta
539 855 595 923 est,
630 852 682 915 sed
705 852 744 916 ab
767 852 873 925 altero,
906 851 1028 915 homine
1052 851 1088 914 de

123 976 139 1035 r,
162 956 282 1034 dicitur,
306 962 387 1022 certe
410 977 468 1022 non
492 957 626 1022 cuiusvis
648 961 697 1022 est
717 957 827 1021 dicere.

124 1063 213 1128 Alter
240 1066 324 1129 locus
354 1066 385 1128 in
414 1065 509 1129 satira
530 1069 636 1146 quarta
659 1083 685 1128 a
708 1084 736 1128 v.
762 1067 823 1129 130
844 1063 965 1145 legitur.
1010 1063 1090 1128 Con-

123 1190 143 1234 n
177 1171 254 1235 calvi
284 1171 417 1236 >Neronis
452 1173 549 1236 Roma
580 1173 611 1235 in
646 1171 752 1235 villam
781 1169 930 1234 Albanam
971 1171 1088 1253 trepido

123 1280 146 1341 io
169 1282 364 1343 convocatum
389 1282 446 1356 est,
468 1283 503 1343 ut
526 1280 563 1342 de
585 1278 671 1360 gravi
688 1277 743 1342 illa
758 1296 791 1341 re
803 1278 992 1341 deliberaret.
1017 1279 1089 1360 quid

122 1385 165 1448 ibo
198 1386 377 1470 imperatori
412 1387 491 1450 dono
525 1387 595 1449 dato
627 1389 719 1466 atque
752 1385 888 1448 omnium
916 1385 1088 1466 patinarum

122 1511 212 1556 ‚uram
243 1484 400 1574 superanti
431 1493 526 1556 tieret.
572 1493 702 1556 Veiento
730 1493 767 1554 de
790 1491 874 1574 pisce
897 1492 1088 1570 vaticinatur,

121 1621 128 1661 r
151 1598 329 1663 vaticinatio
351 1599 400 1662 his
423 1599 522 1663 verbis
544 1599 791 1680 interrumpitur:

121 1750 245 1813 cidnum
266 1752 372 1832 igitur
393 1750 527 1816 censes?
554 1749 772 1815 Conciditur?
794 1751 892 1814 Absit
914 1751 955 1814 ab
976 1750 1034 1814 illo

121 1857 224 1921 edecus
246 1858 313 1939 hoc,
336 1858 522 1921 Montanus
544 1859 611 1935 ait,
635 1861 718 1921 testa
741 1856 812 1920 olto
827 1860 980 1937 paretur,

121 1983 158 2026 roc
180 1967 270 2028 tenui
292 1986 385 2028 muro
408 1967 591 2046 spatiosum
614 1963 748 2045 colliget
770 1965 885 2028 orbem.

120 2149 147 2194 es
169 2133 381 2214 imperatorem
407 2133 651 2211 (Domitianum),
684 2152 776 2215 quem
802 2134 928 2198 Veiento
949 2134 982 2197 in
1005 2154 1083 2215 pree-

120 2239 209 2302 dibus
220 2240 358 2304 versibus
370 2241 545 2322 alloquitur,
562 2241 801 2323 interrogantem
814 2241 969 2316 inducunt,
993 2260 1082 2323 quam

119 2347 250 2410 ationem
275 2347 389 2411 scholia
402 2366 520 2429 quoque
539 2350 654 2411 vetera:
681 2347 782 2411 »Nero
793 2347 885 2411 dicit«
905 2349 1084 2412 annotantia

119 2454 258 2534 rendam,
298 2456 348 2518 sed
390 2455 416 2518 si
449 2455 617 2540 imperator
648 2453 831 2535 interroget,
872 2454 1080 2537 Veientonem,

119 2579 156 2622 nn
170 2560 359 2642 colloquitur,
373 2563 556 2626 sententiam
568 2566 657 2642 roget
668 2579 792 2624 necesse
804 2564 860 2636 est,
873 2564 906 2624 at
914 2561 1081 2627 Montanus

119 2666 208 2740 ndet3
243 2687 397 2749 quumque
421 2668 531 2733 Catulli
556 2667 733 2732 Veientcnis
755 2686 933 2749 responsum
962 2688 1081 2751 exspec-

118 2793 153 2837 rm
171 2779 260 2850 esset,
283 2775 398 2856 aliquid
415 2776 529 2839 turbati
540 2775 640 2839 inesse
652 2776 781 2838 videtur.
827 2775 859 2838 Si
880 2776 962 2857 prior
984 2777 1079 2841 inter-

118 2880 144 2944 ic
173 2865 351 2962 imperatori
380 2882 573 2946 attribuenda
596 2885 652 2958 est,
686 2881 869 2946 conciditur
897 2901 954 2946 non
984 2884 1079 2947 inter-

122 2988 162 3079 tis
183 2988 377 3069 imperatoris
401 2990 453 3052 sed
475 2989 686 3071 respondentis
699 2989 878 3052 Veientonis
901 2994 957 3064 est,
979 3009 997 3054 a
1019 3009 1078 3071 quo

117 3113 189 3158 anus
212 3095 384 3176 discrepans
407 3097 592 3159 sententiam
615 3114 700 3159 suam
725 3095 855 3176 promit3
887 3114 980 3175 quum
1005 3116 1076 3162 vero

116 3206 191 3265 rator
201 3221 261 3266 non
283 3203 312 3265 in
337 3203 575 3282 praecedentibus
586 3203 713 3285 loquens
728 3202 897 3277 inducatur,
922 3222 1077 3285 quumque

116 3309 182 3372 ralis
204 3309 287 3372 nulla
309 3328 447 3390 personae
470 3311 596 3373 mutatae
620 3309 840 3391 significatione
860 3308 940 3372 facta
963 3329 1077 3375 novum

115 3419 195 3480 etum
216 3416 344 3496 loquens
368 3433 427 3479 non
450 3416 496 3481 ita
517 3417 660 3480 inducere
683 3417 789 3492 soleat,
820 3419 855 3479 ut
884 3433 1012 3498 persona
1042 3437 1075 3482 ex

120 3523 268 3587 sermonis
303 3523 487 3586 cohaerentia
518 3524 567 3587 vel
597 3543 632 3586 en
661 3523 734 3604 ipsis
765 3524 864 3587 verbis
892 3541 951 3587 non
986 3526 1078 3590 sacile

114 3634 193 3706 atur,
225 3633 352 3711 utraque
387 3630 585 3712 interrogatio
607 3630 768 3694 Veientani
803 3631 916 3694 rectius
944 3632 1075 3697 fortasse

115 3737 214 3799 uenda
231 3738 299 3811 est,
333 3738 419 3800 cuius
451 3737 616 3800 orationem
639 3737 779 3801 Montani
802 3756 873 3819 ergo
897 3757 1075 3820 responsum

113 3843 222 3924 mnpit.
255 3842 335 3905 Mire
348 3844 429 3906 enim
445 3843 619 3908 Veientonis
636 3845 731 3908 oratio
742 3843 775 3908 in
786 3845 1073 3926 interrogationem:

113 3953 140 4016 is
169 3953 292 4014 erectas
321 3951 358 4014 in
388 3954 481 4031 teron
510 3950 638 4013 sudas?
675 3951 751 4030 exit,
785 3951 814 4016 si
840 3970 921 4017 nona
946 3973 1083 4034 persona

110 4059 282 4137 ogationenr
296 4058 495 4141 subjunctam
507 4061 637 4145 promit,
657 4060 969 4147 nequeVe'rentnms
983 4058 1111 4120 mentm

844 4164 879 4219 Q*
