2566 4404
53 226 56 231 ·
113 203 174 268 158
553 197 594 249 lle
613 196 721 263 ellipai.

111 401 203 466 etiam
227 399 366 465 honestis
387 400 478 464 rebus
500 399 637 480 imponit,
659 399 741 481 quod
764 400 850 464 idem
873 402 965 466 docta
983 400 1138 466 mulieris

111 526 178 572 cere
202 507 293 571 debet
324 526 422 588 neque
452 507 597 572 dochinae
629 505 754 570 laudem
775 525 887 588 parare
922 509 1012 573 nimis
1032 508 1140 583 studere,

112 631 182 679 uam
216 633 284 695 quae
318 614 419 677 nimis
447 613 541 678 doctu
572 613 668 678 rideri
695 614 796 695 cupit,
834 633 997 697 personam
1029 614 1141 680 molieris

111 721 203 786 exuit.
248 723 343 784 Poeta
376 723 459 785 certe
491 721 628 786 vocibus:
660 721 804 800 imponit
829 722 938 805 finem
968 723 1143 804 1111111111

111 828 207 892 rebus
229 826 373 891 honestis
395 828 512 891 nullam
530 827 747 910 philosophicae
768 847 876 892 rernm
898 830 1091 894 honestamm
1108 826 1144 891 di·

111 935 237 1000 visionis
259 953 358 1016 neque
381 934 572 998 tractationis
601 933 857 1017 significationem
888 936 1034 1019 subjecit,
1065 953 1144 1016 neque

110 1061 216 1106 versus
239 1041 309 1124 ejici
329 1044 444 1122 potest,
476 1059 546 1104 nam
568 1041 649 1104 inter
670 1059 717 1104 ras
739 1041 902 1119 honestas,
938 1043 1047 1125 quibus
1068 1042 1144 1105 etism

110 1148 257 1212 mulieres
290 1166 414 1230 operam
445 1148 515 1211 dare
548 1147 682 1229 possint,
714 1148 853 1212 studium
887 1149 1037 1213 doctrinae
1067 1148 1145 1231 ponit,

110 1255 199 1318 modo
240 1254 377 1319 honestis
417 1254 528 1318 finibus
567 1256 625 1318 hoc
665 1254 801 1318 studium
841 1254 1094 1320 circumscribant
1123 1258 1147 1318 et
1187 1252 1189 1261 '

111 1363 250 1444 quaedam
274 1381 309 1425 ex
340 1360 428 1425 libris
456 1380 494 1424 ne
520 1361 698 1444 intelligant
721 1371 761 1434 (1.
782 1362 871 1434 451).
928 1362 995 1427 Vox
1022 1363 1147 1443 sopieru

111 1487 179 1550 quae
201 1469 302 1532 11111111
325 1468 425 1532 doctoe
452 1468 631 1550 opponitur,
660 1487 719 1530 non
742 1486 796 1549 pro
820 1467 1016 1533 substantivo
1045 1472 1096 1553 (ιζ
1115 1467 1150 1531 111

112 1576 250 1657 sapiens)
274 1577 373 1657 posita
396 1579 452 1653 est,
476 1577 527 1639 sed
552 1577 584 1638 et
605 1575 643 1637 ad
663 1593 733 1638 cna
755 1580 797 1651 (1.
807 1578 886 1655 443)
916 1579 949 1639 11
972 1576 1010 1639 ad
1031 1575 1149 1656 sapim

112 1682 355 1759 substantivum,
390 1683 468 1764 quod
499 1684 547 1746 est
560 1680 708 1764 femiae,
740 1683 771 1744 in
794 1682 853 1744 hae
881 1682 979 1746 satira
1007 1683 1072 1746 sine
1096 1680 1149 1743 ulla

112 1789 298 1853 difficultate
326 1790 422 1852 audiri
453 1791 570 1870 potest,
605 1790 636 1853 et
657 1789 790 1868 sapiens
817 1789 899 1870 apud
930 1790 1037 1870 poetas
1065 1786 1145 1852 simili

114 1896 199 1959 modo
224 1896 338 1977 passim
360 1895 482 1977 ponitur
504 1896 570 1972 (cfr.
591 1894 743 1987 1111811.
757 1896 796 1969 ΙΙ,
818 1897 849 1973 4,
872 1900 915 1961 44
939 1894 1099 1959 Fecunda
1118 1892 1149 1956 le·

105 2004 203 2083 poris
224 2004 360 2083 sopiens
387 2002 566 2066 sectabitur
587 2020 712 2078 ormos;
734 2021 808 2065 num
831 2002 872 2064 H.
894 2002 948 2065 hic
971 2003 1007 2066 de
1029 2001 1150 2082 sapiente

112 2111 281 2193 cogitavit).
327 2110 396 2173 Non
420 2129 511 2192 nego,
546 2110 639 2173 etiam
669 2111 694 2172 si
716 2109 851 2190 sopiens
879 2109 915 2171 de
939 2110 1004 2173 viro
1026 2108 1149 2192 sapiente

113 2217 231 2281 dictum
255 2235 321 2280 esse
343 2219 483 2298 putetur,
516 2218 620 2279 eadem
648 2216 696 2279 via
719 2215 846 2279 eandem
874 2216 1060 2279 sententiam
1081 2211 1147 2277 effici

111 2343 218 2404 posse:
256 2325 301 2386 vir
336 2324 455 2404 sapiens
484 2323 576 2385 finem
608 2323 701 2385 etiam
732 2322 869 2385 honestis
902 2322 994 2386 rebus
1024 2319 1147 2402 imponit,

112 2432 193 2511 quod
216 2431 296 2493 idem
320 2431 439 2510 sapiens
462 2429 571 2492 mulier
593 2429 692 2492 facere
715 2428 813 2503 debet,
835 2445 907 2491 nam
924 2447 991 2509 quae
1013 2448 1085 2510 sqq,
1105 2425 1147 2489 sed

112 2538 244 2618 priorem
266 2537 488 2600 enarrationem
511 2535 730 2618 praeferendam
755 2553 821 2598 esse
844 2535 1032 2601 crediderim.
1063 2532 1146 2597 Huius

111 2644 269 2725 particulae
298 2664 377 2706 11111
407 2662 482 2706 usus
515 2641 665 2724 imprimis
694 2641 858 2706 Sallustius
892 2642 993 2706 multa
1025 2637 1143 2719 exempla

110 2751 235 2832 praebet.
267 2750 326 2824 Sic,
349 2753 384 2813 ut
406 2769 499 2813 uuum
524 2767 689 2831 excerpam,
712 2753 826 2825 auctor,
849 2751 1011 2831 postquam
1030 2742 1061 2810 iu
1082 2742 1139 2808 bell.

111 2857 183 2938 Jug.
215 2877 278 2939 cap.
305 2861 344 2923 19
378 2857 491 2921 Africae
520 2856 610 2920 urbes
644 2855 909 2932 commemoravit,
944 2855 1138 2936 Carthaginem

111 2963 262 3027 transiens
295 2965 352 3028 hoc
382 2965 471 3028 dicit:
512 2984 590 3026 ocra
622 2963 660 3026 do
691 2960 894 3042 berthoarae
922 2961 1019 3025 silere
1043 2957 1137 3023 melius
1185 3006 1189 3031 ,

104 3073 188 3151 pato
213 3091 311 3150 qulam
327 3090 452 3151 porum
474 3071 580 3134 dicere
611 3070 666 3151 (=
689 3069 907 3150 Carthaginem
938 3087 998 3132 non
1026 3079 1133 3132 comme·

110 3178 249 3258 morabo,
272 3197 343 3241 narn
367 3187 453 3259 squ).
504 3178 604 3240 Nimis
633 3176 740 3239 multis
770 3175 850 3256 apud
873 3175 1054 3239 Juvenalem
1076 3166 1131 3233 locis

111 3286 161 3367 (de
190 3285 408 3350 recentioribus
432 3284 612 3366 quibusdam
638 3281 797 3346 luvenalis
820 3282 1000 3359 editoribus,
1026 3279 1129 3362 quinon
1187 3316 1189 3323 .

110 3395 200 3456 modo
222 3394 285 3455 fere
308 3396 448 3473 quartam
473 3391 567 3454 totius
589 3392 687 3472 poetae
710 3388 808 3470 operis
829 3391 947 3469 partem
969 3390 1005 3451 ut
1026 3381 1129 3469 spuriam

110 3501 277 3576 removent,
301 3501 352 3562 sed
366 3499 503 3562 ordinem
525 3515 642 3580 quoque
665 3514 809 3560 versuum
833 3479 1128 3570 11111·11111111111,1ἰ111

110 3604 188 3666 mihi
211 3605 373 3669 dicendum
396 3624 462 3669 esse
484 3606 619 3686 videtur,
649 3604 693 3667 ita
716 3602 781 3666 sine
803 3601 868 3664 ulla
896 3602 1013 3665 ratione
1034 3598 1129 3682 poeltm

110 3710 269 3789 mutilant)
291 3712 472 3793 interpretes
496 3712 632 3775 ordinem
653 3728 798 3773 versuum
819 3709 983 3772 immutare
1011 3702 1134 3771 videntur·

112 3817 170 3882 Ubi
186 3837 217 3882 re
230 3835 299 3881 rora
311 3818 426 3883 turbati
435 3818 549 3900 aliquid
560 3818 642 3894 insit,
655 3817 732 3898 quod
745 3820 799 3880 aut
811 3799 1142 3898 11111111111111111111111111

110 3925 254 4008 explicari
276 3929 415 4006 nequeat,
438 3931 492 3990 aut
514 3924 608 3989 oratio
630 3923 850 4004 nondeourrat,
875 3924 907 3986 et
924 3911 1152 4003 transpositiossss

110 4052 252 4102 versuum
276 4032 381 4101 omnia
402 4032 437 4098 iu
459 4032 599 4097 ordinem
618 4029 723 4107 redigi
740 4029 880 4105 possint,
895 4011 1164 4102 transpadanam
