2566 4404
371 216 414 268 De
432 215 582 282 particulis
602 217 781 284 copulativis.

148 416 163 479 t
185 416 330 482 Scauros
351 421 382 482 et
403 416 576 483 Fabricios
598 420 762 501 niptdiqne
782 440 913 486 severos

147 524 275 588 'encorte
296 545 400 590 nores
422 527 520 589 ettam
542 525 666 609 cottepa
687 529 829 593 timeret:

146 631 328 696 Γ1111111111
349 621 448 697 onras
470 637 500 697 et
520 635 610 697 serta
631 634 728 697 dnott
748 635 939 713 babendum,

146 739 236 803 natis
257 741 294 804 tn
317 743 429 805 oceani
442 735 550 824 fincta
572 741 697 806 testudo
720 746 862 823 nataret,

146 845 255 911 larana
279 848 474 932 Trojnpents
487 848 628 932 saetnro
650 870 689 913 ac
710 849 817 914 nobile
830 848 990 933 satorum,

143 954 181 1018 ed
200 955 287 1018 nndo
311 956 412 1021 latere
434 960 464 1021 et
478 958 598 1037 parcis
612 956 713 1040 frons
735 976 820 1022 area
844 957 936 1022 lectis
986 1002 990 1009 .

143 1060 190 1126 'ibe
212 1065 366 1127 coronati·
382 1069 480 1145 capnt
503 1063 689 1128 ostendebat
711 1063 817 1140 aselli,

141 1168 169 1230 ,d
189 1170 277 1250 qnod
297 1170 413 1236 laseioo’
434 1171 589 1236 ludebant
609 1173 701 1235 raris
722 1170 858 1235 atnncni.

140 1276 292 1358 n'qo'diqne
313 1281 353 1360 (v.
377 1280 432 1362 91)
454 1298 513 1343 non
534 1281 624 1360 pauci
653 1280 770 1343 codices
791 1280 884 1361 (inter
907 1296 982 1360 quos
1007 1279 1098 1343 codex

141 1401 235 1447 eanus
258 1388 314 1463 ast,
338 1385 443 1468 quiin
466 1405 494 1450 v.
517 1389 559 1452 93
580 1405 634 1468 pro
656 1386 838 1452 babendum
864 1385 1113 1460 1111111111,

149 1496 317 1571 postremo
339 1493 484 1570 scribunt,
507 1513 600 1577 quam
622 1494 804 1576 scripturam
816 1493 998 1575 Rupertius,
1024 1493 1097 1557 lah·

145 1598 341 1664 Hermannus
363 1600 408 1663 ita
429 1601 558 1681 amplexi
581 1605 662 1676 111111,
692 1603 727 1664 11
749 1619 817 1665 eam
838 1601 871 1663 in
899 1602 984 1664 textu
1007 1618 1096 1681 pone·
1145 1656 1148 1665 ,

168 1706 235 1770 Hoc
256 1710 360 1770 autem
383 1708 562 1771 vocabulum
578 1727 728 1790 nusquam
738 1707 812 1771 alibi
823 1708 902 1789 apud
913 1706 1094 1771 iuvenalem

134 1833 167 1888 ir,
191 1832 345 1894 quumque
366 1817 457 1894 poeta
471 1815 502 1878 in
517 1814 573 1878 tali
585 1816 734 1891 adverbio,
758 1815 846 1904 quale
860 1811 907 1879 est
919 1803 1102 1894 postremo,¹

133 1938 193 1983 ram
216 1919 249 1982 in
271 1919 351 1984 thesi
373 1921 520 2002 syllabam
543 1922 734 1986 terminalem
755 1923 879 1986 brevem
900 1925 1003 2002 ponat,
1029 1922 1096 1986 haec

132 2047 192 2090 ura
214 2027 309 2109 accipi
332 2027 380 2092 vix
407 2027 497 2091 debet
521 2028 588 2110 (cfr.
611 2048 660 2111 pg.
683 2031 785 2109 9-10).
848 2028 905 2107 Qui
930 2026 1096 2109 riptdtqne

131 2136 159 2211 11,
182 2135 237 2198 hos
259 2154 364 2200 versus
385 2135 430 2199 111
452 2139 602 2211 enarrant,
625 2139 660 2199 ut
681 2136 781 2216 verbo,
805 2139 884 2218 quod
899 2139 947 2200 est
960 2137 1094 2213 timeret,

130 2239 259 2332 objecta:
284 2241 437 2318 Sceneos,
459 2241 642 2323 Fabricioc
664 2263 769 2307 nones
792 2245 915 2325 addant,
950 2245 1004 2308 sed
1026 2249 1096 2326 post

129 2349 232 2426 notae,
271 2368 332 2414 uon
369 2353 438 2433 post
475 2349 630 2415 Catonern
660 2351 855 2415 incidendum
892 2371 968 2428 esse,
1027 2352 1094 2433 jam

143 2459 282 2538 apparet,
326 2458 405 2540 quod
427 2458 577 2540 particula
599 2478 673 2538 qne,
707 2458 760 2522 ubi
795 2461 869 2522 et-et
902 2459 1092 2540 praecedunt,

128 2563 269 2628 'uvenalis
302 2565 442 2647 loquendi
471 2584 540 2641 usu
558 2565 703 2629 ultimum
735 2565 907 2629 membrum
942 2584 1003 2628 non
1037 2565 1090 2627 ad-

127 2672 142 2734 1
180 2674 212 2734 11
256 2672 430 2754 frequenter
469 2673 652 2737 senteutiam
691 2691 801 2735 novam
833 2673 925 2736 addit.
990 2672 1094 2736 Etiam

125 2797 155 2841 11
173 2778 273 2859 quarti
297 2779 383 2860 pedis
404 2780 483 2844 hanc
504 2791 609 2844 versus
631 2780 855 2843 distinctionem
880 2780 1088 2843 commendat.

124 2904 173 2948 um
197 2888 368 2950 tremerent
390 2890 519 2968 quatuor
540 2887 658 2969 objecta
679 2886 779 2962 habet,
813 2885 938 2949 verbum
963 2887 1091 2950 timeret

123 3011 149 3054 1:
186 3012 301 3057 nores.
359 2994 396 3057 In
432 3013 521 3057 uersu
554 2997 596 3060 90
627 2994 805 3075 particulam
840 2995 950 3056 anton
987 2993 1091 3056 minus

121 3117 142 3162 n
175 3117 251 3175 esse,
274 3100 498 3165 „Heinrichius
519 3101 602 3165 solus
635 3101 726 3177 vidit,
761 3103 792 3164 11
824 3102 949 3181 poetam
984 3099 1092 3163 adiano
1214 3145 1217 3149 ν

120 3206 194 3271 sisse
218 3208 323 3283 credit,
357 3208 409 3271 sed
439 3208 557 3272 codices
585 3209 690 3290 paucis
713 3207 845 3289 exceptis
869 3208 933 3289 (qui
957 3206 1019 3270 alii
1041 3209 1089 3272 vel

135 3314 260 3391 habent)
284 3316 606 3396 consentiuntsneque
629 3315 803 3396 conjectura
824 3332 899 3395 opus
922 3317 984 3379 est.
1028 3316 1088 3380 Ju-

117 3419 266 3496 1111111111,
300 3422 351 3485 ubi
384 3440 483 3486 mores
511 3422 763 3503 disciplinamque
786 3422 934 3502 temporis
957 3422 1087 3486 alicuius

116 3528 181 3610 igit,
205 3529 263 3592 hoc
284 3531 404 3611 tempus
427 3528 539 3593 certius
562 3529 686 3592 definire
701 3529 882 3593 1111111111
897 3530 1086 3612 plerumque,

115 3654 170 3699 nnc
192 3636 338 3717 temporis
359 3635 565 3700 definitionem
588 3625 693 3717 primae
716 3636 928 3717 descriptionis
950 3637 1084 3718 imagini

114 3745 208 3824 rugat,
242 3742 349 3806 deinde
379 3747 494 3807 ceteras
516 3743 725 3824 descriptionis
745 3745 848 3824 partes
873 3749 1004 3824 promat.
1052 3745 1084 3808 Si

112 3867 143 3927 n,
164 3849 219 3930 qui
240 3849 272 3913 in
295 3850 389 3914 satira
410 3850 527 3913 decima
548 3851 639 3914 tertia
656 3869 679 3914 1
700 3870 726 3915 v.
750 3853 791 3916 38
812 3850 939 3934 legitur,
971 3852 1084 3932 quique
1210 3923 1215 3930 ,

111 3957 167 4020 lem
201 3955 330 4021 formam
362 3957 486 4038 praebet,
520 3977 589 4021 cum
622 3959 679 4022 hoo
711 3957 1004 4041 comparaverimus„
1035 3959 1086 4020 hic

112 4063 259 4126 elucebit:
277 4068 368 4144 poeta
388 4063 611 4149 indigenarum
624 4071 732 4162 1111111
748 4049 829 4136 clim
838 4066 1005 4151 simplices
1013 4066 1114 4143 111111
