2566 4404
402 258 405 261 ·
472 248 516 301 De
534 247 692 301 mutatione
710 246 829 300 numeri.
1029 327 1033 332 ¹
1111 248 1172 314 199

114 453 256 539 plurium
278 469 455 517 caussarum
477 449 736 515 enumerationem
758 451 935 532 exspectans
958 469 1050 513 unam
1078 449 1171 532 legat,

113 561 195 625 mire
218 559 384 636 efficiatur,
418 560 472 623 sed
495 557 664 633 sententia,
698 575 788 638 quam
811 556 961 638 particula
986 560 1024 620 ut
1045 557 1170 630 inducit,

114 667 200 750 quod
224 666 273 731 vin
297 669 361 739 est,
385 685 438 729 our
459 683 611 740 moneam,
634 664 826 729 substantivo
848 663 959 726 causis
980 681 1041 727 non
1059 660 1171 746 'adjun-

114 775 219 857 gitur,
253 775 285 838 et
317 791 387 837 oum
425 772 549 837 vocibus
577 770 771 856 praegressis:
805 770 977 834 uieaudum
1008 773 1093 833 reete
1125 774 1173 833 est

114 884 205 944 arcte
240 880 386 944 cohaeret.
431 879 498 961 His
519 879 632 942 causis
647 879 732 942 'sunt
763 895 896 950 caussae,
929 894 1004 959 quus
1026 879 1119 961 poeta
1139 877 1173 941 In
1211 923 1219 935 .

70 1030 73 1035 -
115 987 260 1051 versibus
300 989 466 1052 toa-117
501 984 649 1068 exposuit.
708 985 902 1049 Hermannus
934 987 1036 1047 autem
1070 984 1172 1048 locum

111 1095 163 1158 sic
185 1093 305 1157 scribit:

92 1316 95 1321 ,
167 1244 345 1322 Visentium
366 1248 450 1308 recte
471 1248 535 1324 est,
570 1263 670 1324 quum
685 1246 825 1324 propter
839 1240 1007 1322 piurima,
1030 1246 1099 1306 tum
1120 1242 1171 1308 uel

71 1398 78 1407 .
159 1352 297 1431 Idcirco,
314 1355 351 1414 ut
367 1352 482 1432 possis
504 1350 650 1432 liuyvam
672 1353 871 1414 coutemuere
892 1350 988 1413 servi.
1088 1355 1090 1359 ’

159 1459 332 1539 Praem'pue
353 1458 508 1536 caue-sis,
531 1460 568 1520 ut
591 1455 721 1538 iiuyuus
744 1456 983 1536 mancipiorum

163 1565 379 1644 Ooutemuas;
401 1584 480 1628 uam
502 1563 616 1646 liupua
637 1562 719 1641 mali
734 1563 1111 1644 peripateticorum
1180 1602 1184 1609 ·

158 1664 315 1737 Deterior
337 1676 445 1736 tamea
467 1671 528 1750 bio,
552 1672 609 1752 qui
627 1669 719 1744 'iiber
735 1690 801 1734 uou
824 1671 886 1734 erit
907 1669 988 1750 iliis,
1024 1745 1033 1750 Ἰ,

163 1781 309 1861 Quorum
331 1781 462 1844 caimos
485 1783 515 1843 et
528 1777 628 1862 farre
648 1797 708 1841 suo
731 1777 873 1841 custodit
894 1781 925 1841 et
947 1797 1018 1842 cere.

167 1886 255 1952 Utile
276 1887 448 1963 consilium
470 1886 574 1964 modo,
596 1885 654 1950 aed
674 1904 840 1950 commuue
862 1883 999 1949 debeb:

115 2057 170 2123 sed
193 2062 368 2135 conjectura
389 2055 591 2130 Lachmauni,
625 2074 692 2137 quae
723 2058 772 2119 est
793 2074 868 2121 eave
894 2054 943 2117 ais
971 2074 1026 2140 pro
1048 2055 1167 2133 causta,

113 2162 330 2228 infelicissima
352 2167 414 2245 est,
438 2183 507 2227 narn
531 2181 627 2244 neque
650 2181 726 2228 euve
747 2179 819 2224 cum
840 2161 977 2226 metricis
999 2162 1168 2226 rationibus
1247 2176 1250 2182 ·

115 2270 267 2352 congruit,
289 2289 384 2352 quum
405 2272 497 2352 poeta
519 2287 557 2332 ne
580 2287 631 2333 eos
654 2267 774 2350 quidem
796 2268 994 2350 imperativos
1016 2269 1169 2350 corripiat,

115 2378 169 2460 qui
203 2379 285 2463 apud
317 2377 433 2463 priores
466 2381 572 2459 poetas
613 2375 766 2439 interdum
802 2374 932 2456 correpti
963 2382 1035 2439 sunt
1064 2375 1167 2457 (habe,

111 2481 204 2556 oute,
239 2488 324 2563 tace,
358 2483 471 2562 uude),
504 2500 600 2565 neque
632 2480 784 2563 particula
815 2485 853 2544 ut
883 2481 1066 2563 imperativo
1093 2502 1168 2549 oure

115 2590 227 2674 subjici
249 2592 359 2673 potest.
404 2589 484 2664 Alii,
511 2608 570 2654 non
600 2588 764 2658 feliciores,
788 2607 842 2670 pro
865 2588 1005 2653 tumbis
1031 2590 1168 2656 scribunt

113 2700 195 2762 tuuc
207 2697 268 2773 bis,
282 2717 353 2761 nam
363 2696 532 2773 iuvenalis,
554 2695 628 2760 licei
646 2695 826 2762 inoratione
849 2696 962 2760 ordinis
984 2700 1075 2779 atque
1097 2716 1167 2763 con-

116 2804 283 2870 secutionis
297 2804 378 2885 notio
399 2802 482 2878 insit,
506 2806 538 2866 et
559 2806 630 2867 ante
652 2803 787 2868 vocalem
810 2805 840 2867 et
862 2805 932 2868 ante
954 2807 1170 2888 consonantem

94 2913 326 2995 'ubiquetuu'a
350 2931 410 2976 non
435 2915 511 2988 tum,
534 2911 570 2975 de
583 2914 719 2993 tempore
739 2910 825 2993 ponit
847 2913 936 2984 (tuuc
960 2931 1060 2991 quum
1081 2909 1168 2991 XIII,

113 3022 167 3095 40,
201 3019 240 3094 X,
275 3023 331 3091 26,
365 3017 437 3098 VII,
473 3021 541 3092 108,
566 3035 625 3100 quo
647 3018 712 3082 Ioco
736 3017 930 3082 Hermannns
963 3021 1032 3080 tum
1054 3010 1168 3095 scribit,

113 3127 169 3192 sed
192 3126 246 3191 cfr.
259 3145 287 3190 v.
314 3131 389 3202 1113
412 3125 471 3207 ΠΙ,
495 3123 609 3192 212δὶ
631 3123 745 3191 cecidit
766 3124 890 3202 domus,
912 3108 990 3191 tuuc
1010 3125 1170 3206 cemimus

111 3221 168 3298 cfr.
194 3232 247 3312 VI,
275 3236 343 3310 122,
367 3236 440 3317 235,
464 3234 540 3305 607,
564 3232 608 3308 X,
631 3235 689 3309 89,
712 3233 789 3310 267,
812 3230 882 3307 XII,
905 3232 971 3310 53),
995 3250 1091 3314 neque
1114 3251 1169 3315 pro

112 3344 298 3422 *quum-tum
319 3329 450 3422 usquam
472 3342 663 3420 quum-tuuc
686 3336 772 3401 dixit.
816 3338 874 3412 (De
892 3337 982 3401 hiatu
1004 3339 1035 3402 in
1058 3339 1168 3405 ultimo

113 3456 224 3512 versus
237 3447 469 3530 pedemetricas
484 3447 615 3510 rationes
630 3447 796 3510 tractantes
819 3443 974 3513 diximus!
1020 3445 1106 3525 Quod
1129 3448 1170 3511 ad
1207 3479 1208 3483 =

115 3554 302 3638 conjunctim
331 3573 468 3640 praesens
491 3555 612 3634 tempus
634 3551 699 3635 (Ut
719 3553 848 3632 possim
870 3556 1071 3620 coutemuere
1092 3562 1169 3621 cou-

110 3660 229 3725 silium
251 3661 386 3744 dedisti)
404 3660 524 3736 attinet,
548 3659 701 3725 sententia
721 3658 879 3741 particulae
901 3665 939 3724 ut
961 3662 1098 3745 subjecta
1121 3663 1168 3727 ef·

115 3769 229 3833 fectum
245 3767 365 3833 consilii
383 3768 446 3832 dati
471 3771 655 3852 praesentem
678 3766 836 3848 exprimit:
860 3767 972 3833 dedisti
994 3770 1165 3846 consilium,
1191 3825 1195 3832 .

112 3876 195 3958 quod
219 3874 323 3951 eificit,
344 3878 379 3939 ut
407 3876 534 3957 possIm,
569 3878 601 3939 et
634 3875 755 3939 exstant
777 3876 859 3960 apud
881 3875 1062 3940 iuvenalem
1089 3894 1165 3957 qua·

110 3986 184 4047 tuor
212 3983 303 4047 huius
325 3981 468 4065 loquendi
500 3983 621 4064 generis
644 3983 796 4064 exempla,
830 4001 898 4064 quae
920 3983 1063 4048 suoloco
1085 4001 1166 4046 eom·

111 4090 360 4155 memorabimus
626 4091 629 4096 ’
