2566 4404
116 218 177 284 162
556 218 600 271 De
619 218 726 287 ellipsi.

112 421 196 501 puto.
240 420 286 483 At
310 438 371 501 qna
391 438 423 483 re
447 419 531 483 dives
554 421 673 501 plebeia
694 423 843 487 notatur?
867 424 964 506 Longi
986 424 1047 489 euri
1066 442 1124 488 con·

114 527 342 590 memoratione.
375 525 437 590 Hic
456 527 623 608 ingeniosae
634 527 785 610 Madvigii
807 529 997 612 conjecture,
1018 550 1076 612 quae
1092 546 1128 611 pre
1178 506 1181 579 ἶ

114 652 233 696 aarum
256 640 294 703 (v.
317 634 393 715 589)
416 632 576 697 substituit
597 654 741 711 armum,
778 635 904 717 obsequi
937 656 996 701 non
1027 655 1129 719 possum
1179 640 1181 655 '

115 740 290 822 Madvigius
307 740 398 815 enim,
421 740 493 822 quia
515 739 626 803 mulier
647 741 684 804 de
707 743 796 822 volgo
818 741 965 807 divitibus
988 745 1131 826 opponatur,

112 847 197 929 longi
219 847 285 911 auri
308 846 561 929 significationem
583 847 805 912 alienissimam
827 868 896 912 esse
919 850 1010 927 dicit,
1037 851 1082 914 sed
1098 868 1132 912 or·

113 955 183 1018 dine
205 973 349 1018 versuum
370 956 490 1017 mutato
518 960 550 1017 et
571 954 794 1029 distributione,
830 973 920 1036 quam
945 957 1133 1038 proposuimus,

115 1061 294 1135 substituta,
329 1060 440 1125 mulier
461 1061 498 1123 de
531 1060 620 1140 volgo
642 1061 726 1124 dives
753 1061 785 1124 in
814 1060 894 1125 circo
917 1064 1072 1127 consulens
1088 1080 1134 1125 mn·

114 1168 182 1231 lieri
196 1168 232 1230 de
244 1168 404 1231 nobilitate
420 1167 508 1230 diviti
530 1167 611 1231 domi
628 1166 799 1230 consulenti
810 1168 981 1249 opponitur,
998 1173 1030 1233 et
1046 1185 1135 1241 caussa

113 1292 173 1356 qua
195 1276 364 1338 commotus
382 1273 555 1355 Madvigius
578 1273 678 1337 locum
702 1275 877 1356 conjectura
899 1275 1074 1351 emendavit
1092 1272 1136 1337 tol·

113 1380 196 1444 titur.
247 1380 422 1462 Madvigius
450 1379 543 1443 etiam
573 1381 610 1442 de
637 1381 704 1461 ipsa
737 1379 828 1461 teupi
856 1382 935 1444 aare
963 1382 1137 1464 appellatione

116 1487 251 1562 dubitat,
285 1489 338 1551 sed
365 1487 508 1569 adjvuata
530 1488 679 1550 nudamm
702 1488 853 1551 cervicum
877 1488 1138 1553 commemoratione

112 1597 203 1675 poeta
236 1597 317 1657 certe
339 1612 399 1657 non
422 1593 603 1657 insolentius
626 1594 683 1656 hoe
705 1594 771 1657 loco
793 1593 914 1659 loeutus
937 1598 986 1660 est·
1018 1594 1138 1678 quanin

113 1701 214 1764 satirae
238 1700 362 1764 decimae
385 1719 413 1764 v.
436 1703 491 1766 26:
514 1697 560 1761 Et
583 1698 649 1762 loto
673 1699 822 1764 Setinum
850 1701 979 1766 erdebe't
1010 1703 1046 1766 ia
1066 1718 1139 1773 aare,

114 1808 165 1871 nbi
188 1808 329 1889 adjuncta
356 1807 415 1870 vini
439 1807 724 1870 commemoratione
754 1806 857 1870 letum
880 1828 1002 1872 aarum
1022 1827 1073 1891 pro
1090 1808 1139 1870 lato

114 1914 221 1995 poculo
244 1932 334 1978 aureo
357 1914 442 1976 dixit.
486 1913 555 1977 Non
578 1915 678 1977 solum
705 1914 873 1979 ditissimas
901 1917 938 1980 de
960 1916 1049 1997 plebe
1069 1912 1140 1978 femi·

9 2086 11 2090 .
111 2039 167 2084 uas
200 2039 305 2084 verum
329 2020 421 2084 etiarn
445 2038 551 2083 uxores
584 2014 716 2083 virorum
739 2020 884 2084 fertiliore
916 2025 1036 2105 quaestu
1065 2023 1140 2086 vitam

115 2126 355 2191 sustentantium
388 2144 494 2190 aureos
518 2129 640 2208 torques
663 2130 783 2208 gestare
806 2128 915 2192 solitas
938 2147 1005 2193 esse
1028 2128 1157 2210 constat

114 2235 184 2298 Huc
206 2235 339 2309 accedit,
362 2234 441 2315 quod
464 2251 499 2296 ex
522 2233 681 2297 Juvenalis
703 2235 860 2298 verborum
884 2235 1140 2299 distribuendorum

114 2341 240 2418 ratione,
265 2341 336 2421 quia
347 2341 406 2404 duo
420 2340 570 2423 adjectiva
588 2342 771 2424 praecedunt,
796 2344 827 2404 et
844 2340 1037 2405 substantiva
1055 2339 1139 2404 eodem

114 2448 216 2511 ordine
239 2448 416 2528 sequuntur,
438 2446 564 2527 longum
586 2465 694 2510 aurum
716 2448 850 2510 inaneis
868 2448 1035 2512 cervicibus
1056 2448 1138 2512 osten·

113 2555 194 2618 ditur
217 2555 278 2634 (ll,
301 2559 336 2618 41
364 2553 505 2616 Hirsuta
528 2554 661 2633 spiraret
683 2553 894 2634 opobalsama
917 2553 1016 2636 coll03
1039 2554 1090 2627 Ml,
1108 2551 1137 2614 (18

118 2652 316 2726 Ocreeaete'ce
331 2660 403 2743 fert
424 2661 580 2723 niceteria
603 2659 694 2743 collo,
729 2661 814 2738 VIII,
838 2666 901 2728 208
923 2661 1036 2743 Longo
1052 2659 1136 2742 jecte-

113 2770 284 2849 derepere
305 2766 441 2850 palere),
465 2784 530 2847 qua·
553 2768 635 2831 notio
658 2768 817 2848 aptissima
840 2770 896 2838 est,
920 2771 960 2845 et,
984 2769 1009 2832 si
1032 2782 1135 2859 proev-

113 2896 186 2938 rava
209 2874 406 2939 substituitur
428 2893 564 2954 armum,
591 2893 683 2955 quum
705 2893 807 2938 minus
829 2875 859 2937 in
882 2875 972 2938 nudis
994 2870 1134 2938 cervicibus

112 2981 233 3046 ostendi
255 2980 315 3044 dici
336 2981 512 3062 nonpossit
537 2980 703 3069 ablativum
725 2980 815 3044 verbo
835 2981 1014 3045 ostendendi
1034 2980 1133 3062 adjunc-

110 3093 176 3152 tum
208 3107 329 3152 armum
361 3106 397 3149 ex
430 3075 604 3150 cervicibus
627 3089 795 3157 exstantem
835 3087 1006 3168 significare
1034 3097 1131 3150 necesse

111 3199 167 3272 est,
190 3195 269 3277 quod
291 3193 395 3257 durius
417 3193 476 3256 dici
498 3193 628 3256 videtur.

197 3304 233 3366 ln
264 3301 359 3365 satira
386 3300 430 3362 Xl
459 3301 548 3380 poeta
575 3299 720 3363 miseram
749 3301 942 3364 decoctorum
971 3300 1128 3367 senectutem

111 3427 260 3490 exponens
284 3425 302 3471 a
323 3427 351 3470 v.
376 3409 416 3474 38
438 3406 495 3469 hos
518 3423 622 3469 versus
645 3405 779 3487 scripsit:

403 3619 485 3700 Quis
507 3618 592 3682 eadee
615 3620 646 3679 te
666 3617 828 3701 dejiciente
851 3637 1005 3684 crumena

194 3726 240 3790 Et
262 3730 420 3792 crescente
440 3725 522 3808 pale
543 3728 653 3788 menet
675 3725 792 3798 ceritas,
816 3743 879 3788 cere
894 3730 1035 3806 patene
1087 3783 1090 3790 .

193 3834 244 3898 Ac
265 3834 362 3898 rebus
383 3833 500 3897 mersis
521 3833 558 3894 e'n
579 3834 720 3896 ventrem
734 3830 865 3913 feneres
887 3837 988 3914 etque

168 3925 171 3933 ¹
194 3941 337 4023 Argenti
357 3941 471 4021 grecis
494 3942 524 4002 et
543 3959 695 4022 pecorum
716 3958 935 4019 aprorumque
957 3923 1110 4024 capacem?

191 4049 333 4118 Talibus
356 4068 378 4114 a
401 4046 546 4112 damiata
568 4049 644 4131 post
667 4047 784 4108 carecta
803 4047 1000 4108 edessanus
1019 4043 1076 4107 ece
