2566 4404
115 217 175 279 178
336 212 380 265 De
398 212 548 279 infinitivo,
566 211 746 280 imperativo,
765 214 935 281 participio.

111 434 188 494 oon,
211 422 283 491 nec)
307 416 370 479 fere
393 434 513 497 semper
524 414 699 494 subjiciunt,
722 415 881 497 quiquein
894 415 1152 500 affirmativeprae·

112 522 1152 607 cipiendoproimperutivoconjunctiusecundampraesentistompo-

116 629 158 693 ris
180 648 340 710 personam
362 649 429 694 ruro
450 633 566 712 ponunt
578 632 610 706 ¹),
632 630 817 694 involando
840 649 861 694 a
882 632 1070 714 conjunctivi
1088 651 1154 713 pre-

112 736 193 800 senti
225 739 361 819 tempore
394 737 459 800 fere
491 735 693 811 ubsduent²)‚
716 737 770 800 sed
804 737 975 801 satirarum
1003 739 1153 820 scriptores

113 843 171 908 hoc
193 847 316 937 tenipus
338 862 448 926 ponere
470 847 584 908 amant.
640 843 796 908 Pedestris
818 844 971 908 orattonis
994 844 1155 909 autoresin

115 970 242 1033 persona
276 951 409 1015 secunda
440 951 590 1033 generalis
613 951 743 1032 subjecti
776 950 842 1014 loco
875 951 952 1014 fictu
985 949 1156 1033 conjunctivi

111 1077 245 1140 praesens
256 1060 418 1139 tempuset
428 1058 460 1120 in
471 1058 654 1121 affirmative
666 1057 930 1140 praecipiendopro
939 1057 1119 1140 imperativo
1128 1058 1155 1120 et

110 1166 142 1229 in
165 1166 294 1230 vetando
316 1183 370 1247 pro
392 1165 577 1247 conjunctivi
598 1166 702 1229 futuro
724 1167 829 1228 exacto
839 1182 957 1246 ponere
980 1168 1088 1230 notum
1108 1167 1155 1240 est

109 1273 191 1354 quod
212 1272 355 1354 loquendi
376 1291 472 1353 genus
495 1272 659 1336 satirarum
681 1271 841 1353 scriptores
864 1271 911 1334 its
935 1273 1095 1335 extendere
1116 1271 1155 1334 vi·

110 1381 234 1458 dentur,
270 1381 305 1442 ut
338 1379 492 1442 notionem
526 1379 666 1442 secundae
699 1397 834 1460 personae
863 1378 1074 1460 hypothetice
1095 1397 1156 1442 curn

114 1486 236 1551 notione
258 1505 408 1568 personae,
431 1503 562 1567 quacum
584 1503 617 1548 se
640 1484 770 1566 colloqui
792 1484 911 1567 fingant
933 1485 986 1549 vel
1008 1504 1107 1566 quam,
1126 1485 1157 1548 ut

112 1593 211 1657 Persii
233 1593 333 1657 verbis
355 1595 432 1669 utar,
455 1611 491 1656 ex
513 1593 639 1656 adverso
664 1593 763 1655 dicere
785 1591 917 1674 fuciunt,
941 1593 1088 1656 confundi
1108 1609 1155 1674 pu·

109 1699 243 1780 tiautur,
267 1701 346 1763 unde
368 1701 417 1769 fit,
447 1701 482 1762 ut
503 1699 570 1763 haec
591 1717 727 1780 persona,
750 1718 809 1762 nou
833 1699 933 1763 solum
956 1698 1012 1762 ubi
1033 1718 1087 1780 pro
1107 1698 1155 1762 im-

110 1808 246 1891 perativo
280 1808 328 1871 vel
359 1807 545 1890 conjunctivi
567 1807 670 1870 tuturo
692 1808 797 1869 eructo
819 1805 1008 1887 conjunctivi
1029 1823 1155 1888 praesens

112 1917 235 1996 tempus
257 1918 401 1996 ponatur,
436 1915 488 1978 sed
514 1913 616 1977 etium
640 1912 692 1976 ubi
726 1912 785 1976 alia
815 1913 1004 1994 conjunctivi
1032 1911 1156 1994 ponendi

111 2040 219 2085 caussa
241 2024 380 2098 accedat,
414 2040 484 2085 cum
518 2021 650 2084 secunda
671 2038 812 2101 ‚persona
843 2019 977 2103 subjecti
1009 2019 1155 2103 generalis

110 2127 177 2191 loco
200 2129 271 2192 licta
293 2130 337 2192 itu
360 2128 524 2204 coalescat,
559 2129 595 2190 ut
622 2144 710 2190 omne
739 2127 902 2190 discrimen
930 2145 1019 2208 paene
1052 2145 1155 2191 evane-

111 2239 191 2314 scat‚
226 2239 258 2298 et
278 2236 336 2298 loci
367 2238 503 2312 exstent,
527 2234 637 2315 quibus
672 2251 720 2296 res
753 2234 869 2296 ineerta
892 2234 989 2297 videri
1018 2236 1114 2316 possit
1123 2233 1155 2310 ἧς

137 2471 156 2534 ¹)
175 2469 228 2523 Ubi
256 2472 441 2539 praecipiendi
469 2474 561 2525 formu
590 2472 619 2524 in
652 2471 769 2538 optandi
802 2471 920 2524 formam
949 2472 1012 2525 fere
1040 2473 1155 2526 transiit:

178 2555 257 2608 Ovid.
276 2555 346 2608 Met.
366 2556 447 2622 VIII,
466 2559 516 2612 866
539 2557 653 2621 Quisquis
670 2575 709 2622 es,
729 2557 841 2621 ignoscas
858 2555 938 2621 (Hor.
957 2557 1020 2610 Sat.
1041 2559 1062 2624 I,
1081 2559 1110 2622 9,
1126 2558 1172 2633 Il⁸

175 2641 296 2706 Iynosoes,
314 2641 382 2690 alias
407 2640 514 2706 loquor),
541 2639 618 2708 Virg.
636 2642 709 2693 Aen.
730 2638 782 2704 Vl,
803 2641 853 2696 109
870 2642 969 2692 Doceue
987 2643 1033 2693 iter
1050 2651 1072 2692 et
1088 2659 1155 2692 socru

175 2726 240 2775 ostia
256 2724 355 2789 pandas
375 2723 424 2777 cfr.
446 2723 491 2788 Vl,
511 2725 561 2780 406
580 2728 616 2775 At
633 2743 725 2775 ramum
745 2725 806 2774 Iunc
825 2765 831 2777 .
853 2768 860 2780 ,
880 2731 1017 2792 Ayuoucus.

133 2795 254 2871 cocu.
266 2811 299 2860 n.
311 2823 335 2860 a.
346 2808 397 2872 111,
417 2810 466 2863 cst
476 2807 530 2858 Neu
540 2811 585 2875 su,
604 2827 648 2859 neu
658 2808 801 2874 nuncu
820 2808 926 2862 urhun.
938 2812 960 2876 1,
979 2814 1006 2873 4,
1027 2814 1057 2866 n
1082 2810 1155 2862 cun

173 2911 217 2942 neo
235 2911 316 2958 neqcs,·
335 2891 470 2958 Virgilius
482 2892 648 2958 (etOvidius
668 2893 696 2944 in
710 2892 825 2945 Metam.
844 2892 935 2960 libris)
954 2895 1002 2947 vix
1021 2896 1061 2949 sic
1080 2894 1154 2948 dixit.

136 2975 157 3041 ³)
179 2975 225 3029 Sic
244 2977 271 3029 in
291 2983 344 3029 sat.
365 2976 433 3028 XIII
451 2993 475 3028 v.
497 2978 546 3032 1113
564 2978 626 3027 Rem
641 2980 738 3042 patens
756 2978 871 3027 ruodt'eam
889 2989 912 3028 et
929 2979 1044 3031 mediocri
1060 2981 1106 3030 bile
1114 2981 1153 3044 se·

173 3061 284 3125 rendum,
306 3061 337 3112 Si
345 3063 438 3126 flectas
457 3061 534 3110 oculos
553 3063 648 3111 maiora
666 3062 701 3112 ud
717 3063 831 3127 crimina,
859 3076 943 3126 quum
962 3063 1112 3118 Juvenulis
1128 3063 1153 3114 in

172 3145 223 3197 tali
244 3146 447 3198 sententiarum
463 3145 663 3211 conjunctione
676 3145 830 3198 indicativo
842 3152 993 3201 sententiae
1014 3148 1152 3215 primuriae

173 3236 202 3282 et
221 3229 429 3297 conjunctivum
448 3229 597 3280 sententies
610 3229 785 3281 secundariae
805 3229 1024 3296 hypotheticum
1045 3239 1073 3286 et
1093 3249 1151 3286 con·

167 3314 325 3380 junctivum
344 3313 475 3366 seeundae
495 3328 625 3379 personae
652 3315 726 3365 fictae
746 3314 896 3381 subjiciat,
925 3315 1031 3382 ambigi
1050 3323 1152 3384 potest,

173 3398 229 3449 utri
249 3398 401 3461 indicativo
423 3428 451 3435 —
463 3399 547 3463 flectis
566 3413 600 3451 un
611 3400 732 3464 flectimus
752 3426 781 3436 -
802 3399 1016 3464 conjunctivus,
1047 3403 1094 3467 qui
1113 3416 1153 3462 est

163 3481 263 3546 flectas,
284 3482 422 3549 originem
441 3481 558 3546 debeat3
588 3484 637 3534 cfr.
656 3481 737 3541 XIII,
765 3484 815 3537 170
833 3482 865 3533 Si
882 3484 966 3534 videas
988 3485 1033 3535 hoc
1050 3487 1151 3552 occulus

168 3565 193 3613 in
211 3569 306 3626 nostros,
325 3569 376 3615 risu
395 3568 515 3631 quotiesc,
536 3581 591 3630 quo
611 3566 674 3618 loeo
693 3581 739 3618 res
759 3567 912 3620 manifesta
930 3574 989 3635 est,
1009 3570 1061 3622 sed
1080 3575 1150 3632 sunt,

171 3649 218 3712 qui
237 3651 348 3712 quatiare
375 3650 469 3716 legant
492 3651 590 3716 (etium
618 3650 646 3701 in
674 3651 763 3702 satira
781 3649 818 3702 Vl
844 3666 903 3704 av.
924 3654 991 3708 653:
1022 3652 1152 3706 Simuos·

167 3734 311 3795 permutatio
328 3734 409 3795 detur,
437 3735 518 3784 Morte
545 3736 594 3784 viri
610 3736 703 3798 cupient
720 3737 825 3785 animam
843 3754 943 3786 seruare
961 3739 1064 3805 netelton,
1086 3739 1152 3791 Her·

170 3830 287 3868 mannus
307 3831 342 3869 ex
360 3817 503 3870 nonnullis
524 3818 668 3871 codicibus
687 3819 786 3882 cupiant
802 3819 831 3870 in
850 3827 930 3872 textu
955 3822 1054 3889 ponit3
1082 3824 1152 3876 idem

170 3899 199 3952 in
219 3906 272 3952 sat.
291 3898 343 3952 VII
360 3917 384 3951 v.
402 3903 435 3956 87
453 3903 553 3965 Eumol,
573 3905 687 3952 intactam
706 3902 798 3952 Paridi
814 3904 863 3954 nisi
879 3905 966 3956 vendut
984 3908 1087 3972 Ayaven
1104 3921 1152 3974 pro

167 3985 253 4036 vendut
272 3982 528 4050 substituuntur,
558 3986 607 4038 sed
628 3987 676 4038 cfr.
695 3985 767 4046 XIV,
803 3989 852 4054 515
872 3996 902 4041 et
919 3989 958 4056 X,
987 3993 1037 4047 365
1056 3991 1152 4044 Nullum

167 4087 249 4119 numen
268 4069 347 4128 dobes,
365 4069 390 4117 si
405 4070 436 4118 sit
450 4069 589 4134 prudentia,
617 4070 698 4137 XIII,
726 4073 758 4125 75
782 4071 843 4121 Tam
855 4074 938 4136 facile
964 4084 987 4125 et
1001 4094 1103 4141 pronum
1120 4085 1152 4126 est

148 4274 175 4339 f
