2566 4404
256 211 304 266 De
323 191 508 276 eonkruentie
525 211 648 278 subJ'eoti
673 217 703 263 et
725 210 885 278 praedicati.
1033 213 1093 278 193

10 406 266 501 yproduotionem
309 411 500 495 (Dolabella
532 417 631 493 atque
657 415 712 478 olr.
734 415 778 492 X,
805 417 846 480 54
863 413 958 495 'Erpa
981 433 1092 494 saper-

10 521 412 607 3>oaeaaoatperaieiosa
435 523 614 603 petuntur)
632 521 756 585 verbum
769 525 825 596 est,
848 522 1091 603 quodinmagne

10 610 175 728 {codicum
208 628 402 711 parte'deest
424 631 471 704 (ut
503 628 534 690 in
567 629 707 693 omnibus
739 628 992 710 Hauniensibus)‚
1026 630 1092 692 sine

10 729 23 809 ,i
36 736 129 801 (lubio
150 737 300 800 insertum
324 739 391 812 est,
422 753 480 817 quo
502 735 632 810 accedit,
655 737 734 816 qnod
755 735 873 800 nullum
896 735 1092 816 saerilegium

10 812 72 941 lde
95 843 230 908 Antonio
253 843 394 918 traditur,
423 846 454 905 et
475 840 785 923 saorilepaanotum
808 841 913 905 Verris
935 841 1090 923 epitheton

35 950 310 1033 est·quamobrem
331 949 482 1033 scriptura
504 948 675 1012 scholiastae
687 949 818 1012 tenenda
834 954 890 1012 est.
934 949 1091 1013 Pluralern

10 1036 136 1147 {verbi
160 1057 237 1138 quod
262 1060 309 1120 est
330 1055 528 1139 referebant,
551 1075 711 1128 numerum
734 1075 803 1119 oum
824 1059 921 1138 poetae
944 1056 1087 1136 loquendi

33 1181 94 1228 usu
117 1181 291 1246 oongruere‚
314 1163 366 1226 hio
389 1157 473 1227 loeus
495 1163 583 1227 docet
596 1162 665 1240 llll,
689 1165 757 1240 70);
779 1162 847 1226 Hie
868 1162 939 1227 alta
954 1162 1090 1245 Siopoae

36 1274 93 1335 ast
125 1270 177 1335 lie
198 1268 368 1352 Ampeloae
401 1269 535 1346 relicta,
568 1267 635 1333 Hie
656 1268 784 1340 Aarlro,
817 1269 875 1334 ille
896 1271 996 1335 Samo
1019 1320 1026 1334 .
1051 1318 1090 1336 ..

10 1360 160 1461 {petuas
205 1377 264 1442 Sed
288 1377 388 1441 maius
410 1377 556 1440 urendum
582 1377 613 1460 in
642 1377 779 1440 versibus
805 1377 1089 1444 108—1091atere

10 1460 125 1579 {puta
172 1480 225 1548 lin
246 1485 363 1565 vulgari
387 1475 467 1546 eninr
489 1503 632 1548 versuum
654 1483 863 1548 distinetione:

10 1666 22 1725 g
82 1636 182 1700 Nune
203 1638 302 1700 sociis
318 1636 405 1717 japa
420 1655 534 1716 panea
557 1635 660 1713 bourn,
682 1654 763 1715 pree
775 1655 905 1716 paruae
927 1655 1087 1716 aquaram

10 1766 25 1855 3
76 1743 125 1807 Et
139 1747 240 1825 pater
262 1744 403 1807 armenti
425 1746 518 1823 oapto
542 1742 700 1822 eripietur
722 1741 827 1824 apello

10 1913 118 1987 e-uerbi
141 1912 304 1995 singularis
329 1930 493 1993 numerus,
523 1912 575 1993 qui
598 1915 645 1977 est
667 1913 838 1991 eripietur,
872 1913 909 1975 ad
932 1912 993 1976 tria
1014 1915 1088 1978 sub-

10 2010 129 2107 3jeeta,
165 2013 294 2101 qnorum
317 2018 449 2100 primum
471 2019 582 2101 plurali
604 2038 731 2084 numero
753 2020 889 2096 effertur,
911 2020 1087 2086 referendus

10 2128 91 2193 esa
142 2126 224 2206 Hae,
258 2126 313 2189 ubi·
337 2126 463 2189 verbum
487 2126 633 2208 subjectis
656 2126 863 2209 postponitur,
893 2127 1087 2191 nullomodo

35 2233 104 2310 fieri
126 2251 231 2320 posse,
267 2251 301 2296 ex
323 2232 371 2313 iis⁷
402 2252 469 2313 quae
500 2232 536 2294 de
568 2232 700 2313 subjecti
721 2236 811 2325 atque
833 2230 990 2315 praedicati
1012 2253 1086 2298 eon-

10 2332 178 2425 .·.gruentia
207 2339 347 2412 diximus,
371 2338 446 2403 satis
468 2338 584 2413 eluuet,
618 2343 768 2417 atroces,
803 2360 871 2422 quoe
894 2344 967 2405 sunt
989 2345 1084 2422 capto

19 2445 169 2530 apella·
191 2465 259 2529 quae
281 2465 299 2510 a
321 2445 411 2509 verbo
434 2446 592 2526 eripietur
619 2446 656 2509 ob
678 2447 813 2527 positum
836 2449 959 2512 omuino
981 2449 1085 2513 divelli

10 2557 103 2620 ³'non1
116 2556 261 2640 possunt,
296 2553 323 2616 si
345 2572 415 2617 aum
438 2553 536 2616 verbis
559 2553 658 2616 Naue
680 2555 779 2617 sooiia
795 2555 968 2637 jungantur
989 2559 1081 2638 atque

13 2648 167 2727 ⁴ablativo
189 2679 261 2723 oasu
283 2661 390 2740 positae
413 2678 480 2723 esse
503 2663 658 2741 putentur,
676 2661 861 2725 sententiam
882 2660 941 2725 loci
963 2667 1084 2745 pertur-

14 2762 116 2837 ‘tuna
161 2766 410 2841 Substantiam,
444 2767 524 2848 quod
553 2767 744 2848 ariopalto,
777 2787 837 2831 non
870 2768 1003 2833 ablativo
1031 2772 1084 2834 sed

12 2868 136 2941 ’.ῖῖῖίνο
165 2892 236 2938 ausu
259 2873 396 2958 positum
424 2877 486 2953 est,
521 2876 552 2937 et
575 2893 690 2938 caesura
712 2880 750 2948 (v.
783 2875 859 2958 108)
881 2877 939 2939 hoo
960 2877 1026 2941 loeo
1049 2879 1085 2941 ut

17 2976 139 3046 'nulus
174 2981 253 3063 apud
292 2980 473 3044 Juvenalem
511 2981 587 3045 loeis
620 3001 721 3045 veram
757 2982 963 3063 distinguendi
1001 2984 1084 3048 viam

11 3092 189 3165 nonan.
236 3086 312 3151 Post
342 3087 435 3149 baara
456 3088 594 3169 graviore
628 3089 714 3171 signo
737 3090 772 3170 (ς)
801 3088 1082 3173 interpungendum

13 3246 15 3254 .
40 3198 89 3260 est
134 3194 492 3268 Sioomniarectasunt;
516 3195 608 3270 verbi,
632 3197 710 3276 quod
723 3199 771 3259 est
786 3197 953 3276 eripietur,
977 3196 1083 3280 singu-

41 3296 106 3366 tans
127 3320 273 3367 numerus
297 3321 331 3365 ex
358 3301 518 3366 luvenalis
540 3302 682 3384 loquendi
704 3322 762 3366 usu
785 3307 875 3366 reate
889 3303 1018 3384 ponitur,
1053 3309 1084 3369 et

19 3492 22 3497 .
42 3413 124 3491 poeta
147 3409 203 3472 hoc
224 3409 313 3473 dicit:
336 3428 416 3472 nuno
439 3408 528 3472 sooiis
546 3410 623 3492 juga
645 3428 743 3495 pauca
765 3411 857 3474 boum
878 3413 996 3474 restant
1018 3412 1086 3484 (illa

44 3511 241 3606 iumentorum
263 3517 353 3596 atque
387 3535 531 3600 pecorum
564 3517 666 3598 eopia,
700 3535 760 3598 qua
786 3518 857 3580 olim
881 3506 1091 3598 abundabant
1142 3504 1144 3511 ’

38 3619 95 3700 'jem
117 3623 157 3687 iis
179 3625 283 3704 erepte
305 3628 379 3698 est);
403 3624 439 3686 de
463 3624 549 3704 equis
568 3629 598 3685 et
616 3624 686 3688 aliis
705 3624 988 3706 bonisnonloquau
1011 3645 1084 3694 nam

23 3725 132 3793 -futuri
154 3731 346 3815 spoliatores,
370 3749 435 3811 quae
459 3733 646 3811 supererunt
669 3749 738 3795 mox
760 3731 908 3796 auferent.
