2566 4404
397 219 439 271 lle
457 217 592 272 liberiore
611 218 757 272 verborum
775 218 881 285 positu.
1117 222 1156 287 37

112 422 182 488 voci
215 423 412 505 postponitur.
457 421 650 506 Adjeatirum
680 422 711 484 in
741 423 837 486 altero
859 422 1061 498 hemistichia,
1095 423 1163 488 sub·

113 530 284 595 stantirum
307 530 338 594 in
360 530 455 594 altero
476 530 548 612 poni
578 530 719 612 frequens
750 548 816 594 esse
839 530 986 611 vidimus3
1020 530 1068 594 bia
1089 530 1164 595 locis

112 658 189 704 casu
212 640 328 703 sactum
351 641 407 711 est,
431 642 465 701 ut
487 638 549 701 tale
571 637 753 728 adjectivum
780 640 812 701 ot
833 637 871 699 ad
894 636 1117 708 substantivum
1132 638 1164 702 in

112 747 215 829 priore
239 750 270 810 et
292 746 329 810 ad
351 745 574 810 substantivum
603 745 632 807 io
657 744 752 808 altero
775 743 918 825 positum,
941 746 1020 826 qnod
1042 746 1079 808 ad
1103 745 1165 809 tor-

114 872 198 917 mam
221 853 374 929 attineret,
397 852 501 915 referri
520 831 638 933 ¹posset
661 871 751 933 quum
765 856 868 932 autem
880 852 974 916 lector
985 852 1022 916 ob
1034 853 1164 934 priorem

114 961 297 1043 particulam
334 963 364 1023 at
396 965 467 1024 ante
500 977 609 1024 nomen
632 961 783 1042 proprium
809 959 891 1022 nulla
905 973 984 1024 'voce
1008 959 1166 1041 interjecta

115 1068 363 1133 itaoollocatam.
386 1072 420 1131 ut
443 1067 572 1131 alterum
594 1084 703 1131 nomen
727 1071 959 1149 exspectaretur,
984 1067 1166 1149 adjectivum

114 1176 212 1258 priori
248 1173 446 1248 substantive
480 1175 529 1238 cui
562 1175 694 1257 proxime
728 1176 968 1259 subjungeretur,
1002 1175 1166 1256 adjungere

116 1301 177 1347 non
203 1283 363 1359 dubitaret,
386 1282 418 1346 hi
439 1281 497 1346 loci
520 1282 597 1345 nihil
619 1283 687 1345 duri
709 1283 850 1347 habuisse
873 1282 1020 1347 videntur.

206 1389 320 1453 Locum
343 1409 376 1455 er
400 1372 493 1454 satira
513 1395 597 1453 serta
613 1389 802 1472 subjungam,
826 1390 877 1454 nbi
890 1393 985 1471 poeto,
1007 1395 1166 1471 postquam

120 1496 267 1561 annulum
282 1487 442 1561 berenices
464 1498 502 1561 ob
525 1499 713 1578 splendorem
737 1503 769 1563 et
790 1498 901 1561 famam
923 1497 1071 1562 celebrem
1083 1515 1167 1561 oom-

119 1606 313 1675 memoravit,
336 1605 402 1668 hac
423 1605 509 1669 addit
530 1611 570 1680 (v.
585 1609 672 1673 158l:

478 1757 577 1821 Halae
600 1757 687 1821 deae
709 1757 786 1821 alim
904 1773 906 1776 ·

207 1863 382 1928 Barbarae
403 1866 542 1945 incestae,
567 1865 654 1930 aeda
675 1864 760 1929 heac
781 1866 934 1948 Aprc'ppa
956 1872 1069 1929 sorori.

122 2036 218 2099 Vetus
241 2035 427 2113 scholiastes
442 2036 497 2099 hos
520 2053 624 2100 versus
647 2036 691 2099 sic
714 2040 846 2099 enarrat:
873 2037 970 2098 »hunc
990 2035 1073 2097 dedit
1095 2034 1164 2098 bar·

123 2144 213 2207 barus
241 2144 364 2224 quidam
397 2150 499 2223 (quem
521 2144 724 2207 Ptolemaeum
756 2161 821 2206 esse
856 2141 932 2220 vult)
966 2148 997 2206 et
1031 2142 1167 2224 Agrippa

124 2253 245 2315 incesta
268 2251 392 2325 sororia
429 2251 482 2313 sed
503 2255 538 2312 ut
562 2251 735 2326 Berenicen,
768 2250 927 2315 Ptolemaei
960 2268 1103 2325 sororem,
1136 2254 1167 2313 et

125 2358 250 2432 Juliam,
273 2360 393 2438 neptem
417 2358 560 2440 Augusti,
583 2378 650 2422 cum
674 2358 795 2422 nomine
812 2359 972 2422 Berenices
995 2362 1026 2421 et
1048 2358 1167 2420 incestu

126 2466 268 2546 Agrippae
280 2467 452 2548 conjungat,
475 2467 551 2529 mire
573 2465 675 2529 omnia
690 2465 853 2529 confundit.
886 2466 975 2546 Apud
988 2463 1167 2531 iuvenalem

127 2591 275 2654 nusquam
297 2573 378 2645 alibi,
403 2574 538 2655 subjecto
561 2592 618 2638 oon
650 2577 775 2647 mutato,
808 2591 868 2637 non
900 2575 988 2637 modo
1022 2572 1105 2637 verbi
1137 2576 1169 2635 et

128 2680 237 2761 objecti
267 2682 319 2743 sed
348 2700 386 2744 ne
415 2681 497 2744 verbi
520 2680 613 2745 solius
637 2679 759 2762 quidem
783 2681 965 2762 anaphoram
987 2680 1167 2759 invenimus,

128 2806 193 2851 nam
210 2787 288 2869 quod
312 2788 482 2872 subjectum
494 2793 529 2853 'et
540 2789 661 2852 verbum
675 2787 828 2851 interdum
844 2789 1000 2870 repetitur,
1018 2789 1098 2850 aliud
1112 2791 1168 2864 est,

129 2896 167 2959 lta
188 2898 232 2970 ut,
265 2895 292 2959 si
314 2895 381 2977 quis
403 2913 462 2960 non
486 2896 522 2959 de
552 2913 611 2959 uno
634 2897 697 2960 uiro
720 2914 818 2976 neque
847 2897 883 2958 de
906 2915 966 2959 una
989 2913 1087 2959 sorore
1116 2897 1168 2959 sed
1210 2874 1221 2891 ⁸

130 3003 161 3066 le
181 3003 299 3067 duobus
321 3003 402 3079 viria,
425 3002 550 3067 barbaro
569 3002 760 3085 (Ptolemaeo)
784 3008 815 3068 et
837 3004 982 3086 Agrippa,
1005 3007 1036 3066 et
1054 3002 1169 3066 duabus

130 3110 264 3174 eiusdem
284 3109 414 3175 nominis
437 3111 587 3175 sororibus
614 3112 748 3188 incestis,
781 3112 925 3175 Berenice
950 3111 1104 3174 Ptolemaei
1139 3115 1170 3174 et

131 3218 160 3281 Β.
183 3218 337 3301 Agrippae,
370 3224 490 3300 poetam
515 3220 664 3301 cogitasse
687 3221 797 3294 credat,
831 3237 890 3283 non
924 3219 1093 3282 mirandum
1119 3219 1170 3282 sit,

131 3324 256 3389 Ovidius
277 3331 394 3391 autem:
421 3326 508 3408 Quid
522 3331 622 3407 pater
644 3327 797 3403 Ismaria,
822 3327 901 3411 pald
914 3331 1018 3391 crater
1038 3325 1171 3409 profuit

132 3432 256 3513 Orphea
290 3437 372 3514 (Am.
397 3434 494 3515 IlI,9,
516 3436 571 3513 21)
599 3436 674 3499 dixit
702 3440 734 3499 et
763 3435 924 3517 Virgilius:
957 3434 1015 3498 Me
1039 3433 1170 3517 famulo

132 3539 344 3625 amatamque
364 3541 489 3606 Heleao
513 3545 699 3606 transmisit
721 3542 901 3607 babendum
913 3550 1001 3618 (Aen.
1014 3543 1072 3620 ΙΙΙ,
1086 3546 1171 3621 329),

132 3667 201 3732 juos
222 3648 303 3713 locos
326 3649 352 3713 si
375 3669 445 3714 cum
465 3650 540 3714 locis
563 3650 731 3728 luvenalis
760 3651 869 3734 quibus
891 3653 985 3716 talem
1008 3651 1169 3714 verborum

133 3757 369 3821 listributiooem
391 3758 570 3826 invenimus.
599 3758 695 3840 qualis
719 3764 781 3823 est:
824 3760 890 3825 Per
911 3759 1054 3824 calamos
1076 3777 1172 3821 aeaa-

133 3865 220 3929 aaa
234 3864 489 3950 pharetramque
504 3865 626 3948 paellae
648 3866 746 3947 (XIII,
761 3872 822 3947 80),
847 3869 1039 3940 conferimus
1062 3884 1171 3946 quam-

133 3993 216 4057 luam
250 3973 289 4037 ob
317 3973 544 4039 insolentiorem
576 3976 759 4056 anaphoram
794 3976 825 4034 et
852 3971 1003 4054 duplicem
1026 3971 1173 4035 distribu-

133 4081 240 4146 sionem
273 4082 478 4146 memorabilis
512 4088 558 4146 est
575 4083 668 4159 locus,
691 4081 739 4145 vix
763 4082 890 4145 dubium
912 4085 970 4158 est,
991 4081 1068 4160 uuio
1087 4095 1172 4166 euarf
