2566 4404
527 1122 576 1201 Ile
603 1120 732 1221 ellipsi.

195 1356 366 1464 Juvenalis
381 1391 482 1472 ellipsi
494 1393 576 1456 verbi
589 1380 685 1455 subsl.
700 1391 800 1454 multo
811 1379 929 1472 largius
941 1388 1131 1472 quampriores

110 1500 208 1578 poetae
230 1500 338 1576 utilas,
362 1502 392 1564 et
411 1500 563 1581 imprimis
574 1499 728 1563 indicativi
741 1499 832 1562 tertia
843 1501 1004 1580 praesentis
1018 1493 1136 1578 temporis

110 1622 240 1685 persona
267 1607 376 1688 (prima
397 1608 430 1671 in
452 1611 509 1672 sat.
532 1608 564 1671 II
586 1627 614 1670 v.
638 1611 678 1670 22
705 1606 773 1686 Quo
797 1606 940 1670 deterior
962 1606 1015 1671 te?
1045 1605 1138 1670 omisso

111 1710 277 1793 iuvenitur)
300 1718 366 1777 iam
388 1715 561 1796 frequenter
581 1714 661 1795 apud
684 1731 754 1776 eum
777 1713 939 1790 omittitur,
974 1719 1010 1780 ul
1029 1714 1091 1777 hee
1108 1708 1139 1772 el-

110 1816 200 1901 lipsis
234 1819 381 1901 singulari
414 1821 512 1890 oolore
546 1820 708 1905 opusueius
731 1819 918 1900 distinguere
937 1822 1009 1903 jure
1032 1819 1141 1883 dioalur.

114 1924 310 1990 Praeteritum
329 1927 416 1991 verbi
437 1929 569 2008 tempus
593 1928 672 2008 quod
686 1927 719 1989 in
731 1926 892 1989 sententiis
903 1927 1059 2010 primariis
1070 1929 1144 2006 alque

112 2025 416 2097 secundariis‘orebro
428 2033 582 2098 omittitur
594 2034 850 2110 (V11‚200‚xl11,
862 2037 1006 2108 49—513
1020 2034 1147 2102 41-433

112 2135 184 2212 XII,
209 2139 359 2222 62-63),
381 2141 413 2203 in
436 2128 586 2204 sententia
607 2139 734 2203 relativa
756 2141 849 2203 semel
874 2141 1021 2204 omissum
1045 2136 1149 2225 inveni·

112 2248 177 2308 tur:
200 2236 256 2322 VI,
268 2249 330 2311 557
344 2246 537 2326 Praeoo'pnus
549 2249 657 2309 tomen
672 2249 720 2309 eet
731 2245 854 2319 horum,
868 2249 925 2327 qui
935 2249 1060 2328 saepius
1070 2243 1151 2320 ‘eonk

28 2418 32 2422 ,
114 2351 252 2416 futurum
288 2356 391 2416 autem
424 2356 545 2434 tempus
579 2371 729 2434 nusquam
758 2353 920 2432 omittitur,
955 2358 987 2417 eo
1008 2355 1041 2417 in
1064 2370 1152 2429 versu

113 2459 165 2539 qui
187 2461 219 2522 in
242 2460 337 2524 salira
359 2465 444 2524 serta
464 2459 577 2540 legitur
592 2463 692 2535 (210):
716 2459 1057 2542 Iyo‘tnrlonpenoo'nue
1067 2457 1153 2524 utilio

111 2565 166 2630 illo'
205 2566 303 2643 Uror,
346 2567 496 2647 quisquis
524 2566 586 2630 ero'd
616 2566 718 2630 bonne
751 2568 979 2649 optandusque
1011 2570 1156 2640 maritus,

114 2674 239 2737 verbum
264 2676 350 2738 aute
374 2675 524 2738 sententia
545 2673 674 2737 relativa
701 2675 739 2737 ad
760 2676 936 2756 primariam
958 2673 1156 2740 revocandum

113 2783 169 2857 est,
204 2782 283 2862 quod
307 2799 491 2863 quamquam
513 2781 610 2844 rarius
632 2781 676 2857 fio,
711 2785 813 2845 tamen
847 2782 877 2844 in
908 2800 997 2863 prosa
1027 2783 1159 2847 oratione

113 2886 276 2965 invenitur,
310 2890 373 2969 aut,
411 2889 490 2969 qnod
518 2887 639 2961 malim,
674 2891 721 2949 est
754 2889 948 2954 audiendum.
1003 2889 1160 2955 luvenalis

113 2995 194 3058 enim
217 2995 248 3058 in
272 2996 327 3059 tali
350 2995 571 3061 sententiarum
589 2998 733 3081 junctura
755 2996 898 3077 praesenti
921 3000 1083 3061 sententiae
1101 2999 1159 3080 pri·

113 3107 217 3169 mariae
250 3103 382 3186 tempori
417 3105 557 3167 futurum
589 3102 750 3168 sententiae
783 3104 969 3167 secundariae
992 3107 1156 3188 subjungis

114 3212 173 3277 Ubi
206 3211 378 3275 infinitivus
411 3212 524 3293 passivi
557 3211 717 3293 participio
750 3209 899 3294 praeteriti
931 3212 1081 3295 temporis
1114 3211 1159 3276 vel

113 3318 280 3398 gerundivo
302 3318 371 3380 addi
393 3318 531 3393 debebat,
554 3318 648 3382 etiam
669 3318 701 3379 in
723 3318 897 3381 accusativo
919 3335 989 3380 oum
1012 3319 1160 3382 infinitivo

114 3423 231 3505 passim
253 3423 416 3498 omittitur,
439 3445 508 3507 quae
530 3424 648 3509 ellipsis
670 3425 713 3491 ad
730 3424 897 3487 sententias
920 3443 1040 3504 quoque
1058 3430 1159 3490 exten·

113 3529 207 3605 ditur,
231 3529 328 3610 qualis
351 3520 412 3594 est:
445 3532 550 3612 Quom
573 3530 655 3594 diedo
671 3531 788 3611 juveni
810 3528 954 3601 stelione,
984 3533 1043 3611 qni
1065 3532 1159 3596 donet

114 3636 218 3702 amieo
234 3635 329 3713 (XIV,
351 3639 438 3713 253).
484 3637 676 3720 Conjuuotivi
693 3638 851 3718 proesentis
874 3638 1020 3718 temporis
1043 3639 1160 3725 ellipsis

113 3744 147 3809 in
167 3743 405 3826 interrogatione
420 3745 562 3826 pendenti
571 3744 741 3818 (luvenalis
758 3747 861 3808 autem
878 3744 910 3807 in
933 3745 988 3808 lali
1010 3748 1162 3811 sententia

113 3848 311 3924 indicativum
335 3869 394 3914 non
416 3852 512 3932 ponit)
535 3851 647 3935 saepius
659 3851 824 3915 invenitur:
848 3852 905 3930 Ill,
929 3856 964 3916 51
986 3852 1163 3932 anennno

114 3955 271 4024 &oenone
291 3975 372 4041 pens
395 3958 620 4038 acceptissimo
642 3959 775 4034 nostroe,
814 3958 859 4021 Er
892 3966 973 4038 'poros
994 3963 1166 4041 precipue
