2566 4404
421 225 465 278 De
484 224 589 293 ellipei.
968 225 1028 291 151

130 429 330 493 rauliculorum
343 428 482 508 denique,
505 428 659 509 quaesunt
675 378 796 507 nempe,
819 446 907 505 uun,
933 426 1028 504 euim,

131 536 192 599 itas
214 536 353 617 quaedum
381 533 525 599 orationis
553 532 653 613 magis
684 530 777 615 quum
799 533 916 615 ellipsis
939 533 1029 598 inest.

130 686 134 706 .
154 642 274 706 decimu
292 641 393 722 tertio,
416 640 468 703 ubi
487 659 544 704 av.
560 643 621 706 164
642 641 675 704 hi
692 659 797 705 versus
814 640 921 722 scripti
937 643 1029 705 sunt:

129 878 197 932 sioni
216 878 310 932 alienu
327 878 527 944 immiscuerit,
555 892 663 943 vereor.
695 878 765 931 Haec
784 878 914 946 exemplu
932 879 1029 932 affert:

129 965 153 1019 56
175 964 241 1022 Quid
261 963 376 1015 orm
393 962 454 1028 lepra
471 971 493 1012 et
514 962 605 1013 &aaa
622 972 761 1028 cousumpta
770 965 896 1027 juvastue,
919 963 965 1015 Tot
983 963 1030 1015 tet·

139 1046 280 1114 (aliorum)
299 1047 392 1107 amma,
417 1045 470 1112 Vl,
495 1050 527 1103 55
562 1047 659 1112 Mapua
677 1056 753 1097 tamen
762 1049 839 1112 saraa
855 1057 889 1098 eet
907 1047 1030 1111 aepuedam

129 1132 144 1199 t)
163 1149 219 1182 rure
234 1140 338 1196 paterno
354 1131 462 1198 uioeutu,
482 1129 533 1195 111,
552 1133 568 1185 7
591 1130 623 1180 Ut
645 1149 692 1181 uou
709 1131 812 1182 deterius
830 1132 916 1182 credat
934 1131 1031 1182 torrere

129 1216 165 1282 lia,
193 1216 278 1281 lapsus
301 1215 429 1271 Teotorum¹
445 1214 557 1264 mciduoe
584 1232 615 1264 ao
631 1215 696 1265 mille
721 1215 802 1281 (elia)
826 1215 935 1280 paiculn
958 1233 1030 1266 aava

128 1299 185 1366 ,X,
206 1301 255 1356 174
284 1299 395 1350 Creditur
411 1298 467 1348 olim
492 1298 635 1363 Velificatuo
653 1299 730 1349 Attae
752 1309 774 1349 et
790 1299 907 1365 qusltpuut
928 1299 1029 1367 (uliud)

128 1383 272 1436 maeatae:
290 1383 370 1433 Audet
388 1383 413 1432 iu
431 1383 547 1447 historia3
566 1383 592 1436 X
611 1385 661 1439 178
685 1382 808 1434 Credimus
826 1384 889 1434 altas
901 1385 1030 1448 Dejtou'eoo

154 1477 270 1533 epotaque
290 1459 397 1532 flumina
421 1466 494 1516 Medo
519 1467 671 1533 Prandente,
699 1477 721 1517 et
746 1467 851 1518 tradidit
877 1477 960 1518 cantat
977 1486 1030 1532 qua

127 1586 128 1595 κ
147 1552 275 1604 Sostratus
292 1551 348 1613 alte,
366 1549 400 1616 X,
419 1553 471 1606 210
488 1550 529 1602 Sa
546 1551 600 1602 licet
616 1553 716 1602 nimius
733 1552 892 1616 calameta,
912 1554 971 1602 rt'tue
985 1550 1029 1602 So·

142 1637 177 1687 Et
194 1636 277 1699 quibus
294 1633 383 1699 (aliis)
406 1645 498 1686 aurata
514 1654 564 1686 utor
582 1645 618 1686 eet
627 1636 726 1701 sulpure
748 1637 855 1702 lacerna,
874 1635 954 1701 XIII,
980 1637 1030 1691 126

127 1718 284 1782 lum(aliud)
303 1720 415 1769 interris
433 1729 481 1769 tam
499 1720 636 1770 detestabile
645 1721 742 1784 factum
760 1720 870 1786 ootmdu,
885 1729 958 1780 taceo,
979 1720 1029 1775 cfr.

126 1807 175 1862 1⁰3
193 1809 244 1859 Hir
260 1826 306 1859 uou
322 1817 378 1858 eunt
395 1813 438 1855 aut
457 1805 552 1855 uenales
570 1804 698 1870 elephanti,
717 1803 769 1855 Neo
778 1805 853 1855 Latio
870 1815 913 1856 aret
929 1823 1029 1870 usquam

127 1893 138 1958 )
171 1895 214 1942 sub
239 1901 319 1942 nostro
344 1892 422 1942 sidae
444 1889 501 1939 tatio
525 1888 617 1939 Bellua
640 1889 781 1954 concipitur.
828 1890 866 1942 At
891 1891 953 1943 haec
981 1905 1028 1943 ex·

126 1990 214 2028 anon
233 1975 314 2028 unius
334 1973 448 2040 generis
468 1977 546 2026 sunt:
582 1972 618 2039 II,
637 1974 695 2039 156,
730 1972 765 2038 Χ,
784 1974 842 2039 178,
869 1976 920 2030 210
942 1980 1029 2042 poeta

128 2058 239 2113 iuribus
268 2058 405 2125 exemplis
434 2057 537 2124 positis
566 2056 660 2109 omniu
684 2057 713 2108 in
741 2073 825 2109 unum
845 2060 969 2124 confert3
994 2058 1030 2126 X,

134 2143 197 2208 XII,
226 2144 279 2199 103
293 2143 323 2194 in
340 2141 513 2210 pronominis
538 2139 677 2193 indefiniti
702 2140 909 2207 significatione
928 2149 957 2193 et
974 2157 1029 2196 usu
1111 2191 1114 2196 .

125 2242 151 2280 su
168 2228 252 2291 inest,
273 2242 322 2279 cur
340 2226 419 2279 nullu
436 2242 490 2280 vox
509 2223 698 2288 desideretur,
717 2222 794 2290 XIII,
814 2226 863 2280 tuo
880 2226 958 2276 nultus
975 2242 1028 2294 pro

125 2311 233 2364 rositum
252 2310 432 2377 negationem
455 2316 549 2377 auget,
568 2306 620 2375 VI,
639 2312 672 2364 55
690 2307 738 2361 ubi
756 2309 968 2361 cuiuodounulli
988 2311 1028 2363 fe-

125 2420 126 2438 ι
147 2395 318 2448 contrarium
336 2395 464 2462 ponitur,
494 2408 587 2459 neque
605 2409 707 2445 novum
726 2393 883 2460 exemplum
903 2392 1026 2460 additur,

126 2477 218 2533 audiri
236 2479 342 2543 nequit.
379 2479 424 2530 Ex
447 2478 607 2531 recentiore
626 2477 716 2544 magis
729 2491 822 2544 ·quum
846 2484 969 2530 veterum
988 2478 1030 2531 lo·

124 2563 150 2616 ii
161 2577 213 2614 usu
223 2562 398 2629 pronominis
418 2561 601 2615 omissionem
617 2560 762 2627 plerisque
777 2561 850 2615 locis
871 2563 958 2615 stetui
969 2578 1028 2615 cre-

124 2647 179 2699 rim.
218 2645 324 2701 Crebro
344 2653 439 2698 autem
457 2644 533 2713 apud
551 2644 719 2698 Juvenulem
738 2647 966 2700 commemoratio
985 2647 1029 2700 rei

126 2731 170 2784 ius
190 2736 238 2783 unt
257 2730 437 2784 desideratur
454 2734 503 2781 aut
521 2729 551 2781 in
569 2743 625 2780 unu
642 2728 905 2795 aliquarooelutet.
932 2731 964 2782 In
983 2745 1027 2784 su·

124 2820 207 2882 sextu,
226 2815 274 2868 ubi
293 2821 380 2881 poeta
396 2813 542 2866 libidinem
560 2813 709 2865 mulierum
724 2813 805 2866 bonae
821 2813 882 2866 deae
899 2815 1026 2869 solemne

123 2900 250 2952 »rentium
270 2898 435 2952 describens
453 2899 515 2950 haec
534 2896 605 2949 dicit
621 2896 664 2962 (V.
678 2898 837 2962 iii—wll:
856 2900 906 2950 Hic
923 2902 948 2950 oi
963 2918 1028 2966 qua·

124 2992 146 3033 a
164 2983 376 3049 decutiuntur,
403 2981 585 3034 Heinrichius
610 2980 646 3032 ad
664 2980 779 3033 verbum
797 2985 914 3046 quartem
932 2984 1028 3038 edver-

132 3069 236 3132 frustra
255 3068 389 3121 omissum
409 3080 472 3118 esee
493 3065 577 3131 dicit,
597 3063 648 3118 sed
665 3064 720 3118 hoc
739 3065 853 3119 verbum
874 3074 903 3120 et
920 3068 1027 3135 saepius

126 3152 227 3217 oritur,
246 3157 278 3203 ut
295 3151 384 3216 notio,
415 3164 476 3215 quae
496 3148 685 3213 desideratur,
710 3149 767 3217 ipsi
785 3150 873 3204 verbo
893 3151 1028 3219 subjicio·

136 3243 164 3288 et
182 3237 237 3288 hoc
255 3235 319 3287 loco
344 3233 495 3298 sequentia
517 3234 604 3286 verbu
638 3242 660 3284 et
677 3234 760 3285 daune
777 3235 881 3286 homiues
899 3234 1027 3289 adverbii

125 3335 188 3373 nem
207 3319 277 3372 sotis
298 3317 420 3385 explent.
459 3317 491 3370 In
510 3317 610 3371 eadem
628 3319 727 3385 satira,
747 3319 796 3371 ubi
815 3319 968 3373 crudelitas
986 3319 1028 3373 in-

121 3420 126 3456 s
146 3403 271 3457 mulieris
292 3410 376 3468 atque
393 3400 535 3454 cruciatus
554 3416 697 3455 serverum
710 3402 908 3469 depinguntur,
927 3401 960 3456 et'
974 3402 1026 3456 do·

136 3488 209 3539 irata
228 3487 332 3540 clumut
344 3488 380 3551 (v.
393 3487 455 3551 492)
474 3487 555 3538 Altior
573 3488 612 3537 iic
629 3505 704 3551 quare
721 3487 858 3538 cincinnus?
878 3487 923 3538 oui
941 3488 1027 3540 inter·

121 3571 187 3622 tioni
206 3577 294 3637 poeta
311 3571 373 3623 hoec
397 3571 483 3624 verba
507 3571 668 3637 subjungit:
702 3571 800 3621 Taurea
823 3573 895 3636 punit
915 3571 1028 3622 thatim

120 3657 204 3705 cumen
214 3657 362 3720 facinusque
379 3657 479 3721 capilli,
516 3654 699 3708 Heinrichius
728 3654 888 3707 adverbium
912 3655 973 3706 male
991 3654 1027 3707 ud

120 3757 131 3789 u
150 3739 284 3792 omissum
303 3754 366 3792 esse
379 3739 532 3804 contendit,
552 3737 706 3792 etultimos
726 3739 823 3792 satirae
839 3744 947 3804 quamue
965 3753 1026 3791 ver-

119 3822 237 3876 tonfert:
273 3823 323 3875 Sed
336 3825 420 3889 periit,
436 3833 564 3889 postquam
583 3822 721 3873 cerdonibus
739 3840 789 3873 eene
806 3822 921 3872 timendus
939 3822 1026 3886 Coepe-

119 3907 166 3958 Hoc
182 3909 258 3957 nocuit
264 3908 406 3958 Lamiarum
416 3907 479 3957 cade
492 3907 598 3957 madenti
605 3906 653 3958 ubi
669 3921 704 3959 ex
717 3913 850 3959 contextu
863 3907 914 3956 siue
920 3904 1027 3970 periculo

119 3992 213 4044 endum
241 4005 304 4044 esse
334 3990 411 4044 dicit.
458 3991 568 4046 Neutro
585 3990 654 4046 loco
671 3990 753 4045 uot'so
781 3988 915 4043 uiueruix
932 3987 1058 4039 emisse

110 4089 171 4127 nem
189 4075 325 4140 inpriore
336 4093 393 4132 non
413 4077 478 4131 mate
496 4079 550 4136 secl
570 4095 606 4135 ex
620 4075 866 4147 intemogut'soue
877 4063 1071 4142 praceueut's
