2566 4404
335 206 376 258 lle
395 205 545 273 particulis
566 205 744 272 copulativis.
1020 207 1059 271 91
1175 272 1178 276 .

140 412 229 474 easta
252 406 333 488 qaid
344 405 459 489 forma
480 406 596 472 aocet?
624 407 711 488 Quid
724 407 857 490 profuit
878 409 974 472 immo

119 515 234 597 potato
256 533 357 597 praee
372 514 605 595 propositam?
631 516 718 596 Quid
737 513 1007 595 Bellerophonti?

119 623 196 686 rbait
217 642 331 701 nempe
351 621 425 697 dere,
450 641 506 686 eeu
520 621 702 705 fastidita·
724 621 854 704 repulso

119 752 122 781 τ
145 729 343 793 Stheneboea
363 730 473 792 minas
495 750 594 810 qaam
620 728 740 794 Cressa
761 729 946 806 excanduit,
975 732 1005 792 et
1026 748 1061 793 se

120 856 256 900 roassere
278 837 389 901 amba.

120 944 279 1008 einrichius
301 944 403 1008 looum
425 943 498 1019 edit,
520 962 612 1025 quem
633 944 765 1009 Jahnius
786 943 833 1007 ita
854 941 1002 1024 sequitur,
1024 944 1061 1004 ut

120 1049 267 1114 iasta'dita
298 1069 417 1114 aemma
449 1055 558 1134 ponat;
591 1051 645 1116 alii
677 1054 749 1136 post
781 1049 912 1131 repulso
945 1051 1060 1134 puncto

120 1163 164 1235 nt,
187 1157 396 1222 Hermannus:
429 1156 573 1221 Erabar't
595 1178 707 1237 nempe
728 1156 795 1222 drea
817 1178 872 1221 eea
887 1156 1059 1239 fastidita,

121 1284 143 1328 a
164 1264 233 1328 Nee
264 1284 333 1345 sqq.
364 1263 478 1329 scribit.
522 1265 700 1350 Rupertius‚
735 1264 787 1346 qui
820 1269 892 1350 post
924 1261 1058 1344 repulsa

120 1391 159 1434 un
181 1371 275 1456 ponit,
309 1371 400 1435 verba
421 1389 454 1435 se
476 1372 671 1456 interpretari
693 1389 754 1437 nan
781 1391 871 1457 posse
901 1371 1058 1436 confessus

120 1480 152 1541 a't
183 1499 261 1543 roam
283 1463 442 1554 Phaedra,
475 1482 512 1541 at
526 1477 701 1560 fastidita,
736 1478 871 1559 repulsa
893 1479 1055 1560 legendum

120 1588 210 1662 enset,
244 1605 334 1667 quam
369 1587 585 1667 conjecturam,
621 1587 707 1650 ouius
739 1586 885 1650 violentia
914 1584 1057 1666 gravibus

120 1694 301 1775 argumentis
335 1696 414 1775 eget
448 1694 492 1756 ita
526 1692 670 1768 defendit,
705 1696 740 1756 ut
772 1692 963 1766 Juvenalem,
996 1690 1057 1755 nisi

138 1799 298 1863 Phaedram
319 1800 482 1884 posuisset,
505 1818 562 1885 pro
575 1800 720 1864 Ptadra
736 1798 888 1864 Cressam
902 1799 1056 1863 diotumm

120 1910 218 1988 neget.
252 1906 437 1970 Heineehius
461 1908 499 1970 ad
521 1925 688 1991 pronomen
710 1906 777 1970 laceo
799 1925 833 1969 ex
857 1904 1056 1986 sequentibus

120 2013 241 2076 lfaoile
267 2013 381 2077 assumi
416 2032 503 2098 posse
531 2017 636 2098 putam
670 2015 765 2078 talem
799 2011 1054 2077 constructionem

120 2120 253 2183 usitatam
266 2139 341 2195 esse,
364 2124 396 2185 et
413 2122 494 2206 apud
517 2126 624 2206 poetas
648 2120 745 2184 multo
768 2121 903 2184 duriores
925 2118 1056 2184 inveniri

119 2227 173 2304 dit,
207 2228 260 2290 sed
293 2247 387 2308 quum
421 2228 665 2313 Bellerophontis
700 2227 910 2307 (Stheneboeae
945 2226 1054 2308 igitur)

119 2334 252 2398 enoratio
274 2336 591 2418 proximeanteoedat
615 2354 789 2419 pronomen.
814 2336 892 2417 quod
915 2339 963 2396 est
978 2333 1053 2409 tao,

119 2441 294 2516 saetosam,
320 2459 378 2505 nou
401 2443 439 2505 ad
452 2442 591 2506 Cressam
604 2435 787 2517 (Phaedram,
810 2441 923 2505 Minois
935 2440 1054 2518 filiam),

118 2549 198 2611 idum
220 2551 290 2612 est·
320 2548 516 2613 Heinriohius
538 2549 620 2612 solus
643 2550 758 2612 nullam
784 2548 999 2612 difficultatem
1021 2547 1054 2609 in

118 2675 174 2719 usu
184 2655 283 2719 inesse
295 2655 377 2729 dicit,
402 2658 586 2719 stmoturam
608 2656 712 2740 paullo
736 2655 964 2720 insolentiorem
987 2671 1053 2717 esse

118 2763 151 2844 it,
186 2765 218 2826 ot
252 2766 374 2847 poetam
398 2781 453 2847 pro
480 2762 546 2826 leae
568 2784 625 2826 aee
653 2762 715 2826 illa
737 2763 847 2826 miuus
869 2763 965 2826 altero
988 2762 1053 2825 loco

143 2869 319 2934 Steneboeae
352 2871 491 2955 posuisse
525 2874 623 2954 putat.
667 2872 699 2934 Is
733 2887 851 2952 quoque
886 2886 1053 2954 pronomen

116 2995 231 3040 rossam
255 2977 426 3059 significare
448 2977 532 3041 dioit.
577 2978 664 3041 Idem
694 2977 879 3060 scripturam
912 2974 1053 3055 repulso,

115 3106 123 3146 1
147 3084 299 3147 aeditibus
322 3084 474 3148 nonnullis
502 3085 590 3161 inest,
623 3103 726 3147 veram
754 3102 820 3148 esse
842 3084 987 3162 affirmat,
1022 3083 1054 3145 et

115 3191 226 3275 rplioat
256 3192 441 3255 »ablativum
473 3192 626 3276 participii
657 3187 727 3276 pro':
762 3210 854 3273 quum
889 3189 1054 3253 accidisset

114 3317 156 3362 r«.
200 3299 242 3361 Ia·
270 3298 412 3382 plurimis
445 3288 614 3372 e'odioibus,
649 3300 729 3362 iuter·
758 3315 833 3379 quos
856 3296 948 3359 multi
971 3295 1052 3373 boni,
1078 3301 1083 3366 ζ

114 3426 135 3468 a
158 3406 269 3488 legitur
308 3425 387 3469 »non
419 3408 508 3490 pauci
541 3426 596 3491 pro
618 3426 731 3486 aeorpe
753 3405 866 3468 habent
888 3406 983 3466 aeria
1004 3402 1053 3466 vel

122 3513 190 3577 Tali
213 3513 346 3578 ablativo
370 3514 509 3578 absoluto
532 3513 698 3599 participii,
721 3512 840 3594 qualem
853 3510 1053 3574 Heinriohius

113 3640 198 3718 appo
216 3619 350 3700 repulsa
367 3622 556 3685 substituens
578 3621 704 3699 inducit,
728 3619 887 3683 iuvenalis
902 3636 1051 3698 nusquam

115 3732 152 3800 st,
178 3739 209 3790 et
232 3728 270 3792 ab
292 3729 357 3791 eius
374 3729 516 3809 loquendi
540 3749 596 3792 usu
611 3737 676 3792 tarn
695 3728 849 3801 abhorret,
871 3729 907 3789 ut
929 3724 1052 3801 admitti

112 3839 283 3916 >nequeat
307 3835 501 3916 quamobrem
513 3853 573 3899 non
585 3839 641 3912 est,
670 3854 723 3898 aur
745 3832 1050 3915 scripturarepalsa
1163 3828 1166 3833 ’

112 3943 228 4006 odieum
252 3940 431 4005 auotoritate
454 3943 634 4019 defenditur,
661 3942 728 4005 loeo
751 3943 917 4007 moveatur.
950 3940 1052 4003 Etiam

112 4068 178 4132 quae
192 4052 264 4113 sunt
276 4048 504 4131 oeasaste'de‘ta,
517 4067 585 4112 eam
596 4049 817 4114 commendant.
829 4046 980 4127 Repulsa
992 4064 1051 4110 non
