2566 4404
97 242 100 255 ·
124 234 144 298 6
510 233 552 286 De
572 232 654 286 metri
674 234 792 287 ratione.

126 436 190 500 nati
213 455 278 500 esse
302 437 451 516 videntur,
476 438 528 501 sed
558 456 607 500 ars
637 439 785 519 quaedam,
807 400 889 502 limae
913 439 1016 503 labore
1041 441 1072 504 et
1093 457 1168 504 mora

126 543 216 624 fulta,
234 548 368 626 apparet,
392 563 458 626 quae
481 546 512 608 et
534 544 626 608 verba
648 549 679 608 et
700 564 806 610 versus
828 547 907 610 mira
929 547 1108 612 dexteritate
1129 566 1168 622 ea,

30 667 32 673 ·
130 670 195 733 quae
219 656 308 733 poeta
337 671 482 733 exponere
513 653 636 734 cogitat,
660 656 728 734 apte
759 658 790 717 et
817 655 982 735 ponderose
1011 657 1168 738 exprimere

123 763 220 841 cogat.
264 759 320 822 Est
341 760 396 823 hoe
412 759 758 843 Juvenoliepreprium
781 781 878 844 neque
902 761 1064 845 quisquam
1087 766 1169 846 poeta

88 916 89 919 ,
124 867 278 948 egregiam
301 868 710 949 argumentiatquetormee
725 870 969 934 convenientiam
981 870 1168 953 diligentiore

122 976 187 1037 arte
212 977 371 1037 asseoutus
390 994 456 1038 esse
474 976 722 1050 videtnr;.nemo
744 978 873 1041 fortasse
895 977 927 1041 in
949 979 1089 1044 versibus
1111 979 1167 1043 for·

121 1081 239 1145 mandis
268 1082 382 1145 maiore
417 1083 517 1147 studio
539 1103 613 1147 usus
647 1085 704 1160 est,
739 1085 936 1167 quamobrem
970 1105 1081 1150 versus
1108 1087 1167 1150 eius

120 1187 259 1270 diligenti
283 1191 417 1271 priorum
440 1195 598 1272 poetarum
620 1190 752 1255 lectione
770 1192 868 1275 adjuti
892 1197 983 1274 atque
1001 1193 1167 1257 hexametri

118 1296 237 1378 legibus
262 1298 462 1379 obsequentes
485 1299 522 1361 ad
546 1302 644 1362 artem
667 1299 750 1362 illius
769 1299 914 1381 temporis
925 1301 1089 1365 metricam
1099 1320 1165 1364 eon-

119 1404 306 1468 stituendarn
330 1424 389 1468 non
418 1406 503 1486 parri
532 1407 677 1470 momenti
708 1406 902 1470 existimandi
930 1410 1011 1472 sunt.
1059 1409 1166 1473 Versus

124 1512 281 1577 luvenalis
293 1513 434 1576 meliores
446 1531 535 1595 quam
550 1513 669 1577 Horatii
682 1532 757 1592 esse,
782 1512 934 1596 Scaligero
945 1518 1165 1581 eoncedendum

118 1621 178 1701 est3
210 1620 238 1684 is
272 1620 365 1684 etiarn
398 1621 562 1684 satirarum
592 1621 754 1703 scriptores
787 1638 966 1703 comparans
992 1623 1165 1689 »Juvenalis

46 1788 49 1797 ,
118 1729 214 1804 ardet,
233 1727 368 1810 jugulat,
392 1727 515 1791 Persius
527 1728 666 1807 insultat,
689 1728 983 1804 Horatiusirridet,<‹
997 1732 1046 1795 vix
1059 1732 1165 1815 injuria

11 1862 27 1875 ··
119 1835 300 1900 iuvenalem
325 1833 519 1916 »Satyrorum
544 1837 632 1900 facile
655 1836 839 1919 principem«
864 1839 960 1900 voeat.

204 1943 286 2008 Ante
327 1942 428 2007 omnia
467 1945 747 2008 oonrmemorandus
785 1948 832 2008 est
868 1943 1009 2027 frequens
1043 1945 1162 2028 spondei

118 2070 202 2114 usus.
246 2049 337 2114 Hune
363 2051 461 2114 locum
491 2070 526 2114 ex
556 2051 649 2115 satira
678 2052 796 2116 deeima
823 2055 854 2134 (a
876 2073 903 2116 v.
927 2053 1003 2136 272)
1026 2053 1161 2118 attulisse

117 2159 193 2222 satis
216 2157 289 2221 erit:
1043 2152 1051 2160 ⁵

181 2309 304 2374 Eritras
325 2308 382 2373 ille
403 2314 573 2395 atcumque
594 2310 744 2385 homiues,
767 2312 826 2376 sed
847 2316 940 2376 torua
962 2313 1082 2377 cariae

182 2418 337 2482 Latrorr't
358 2419 452 2493 ricta,
476 2439 548 2499 quea
563 2424 642 2500 poet
663 2420 748 2484 harre
770 2421 901 2484 virseret
921 2439 1014 2484 uror.

179 2526 315 2591 Festino
339 2527 534 2591 adnostros
556 2531 586 2591 et
607 2549 714 2611 repere
737 2532 867 2592 transeo
891 2527 993 2592 Porti

181 2634 227 2698 Er
253 2634 417 2707 Croesum,
441 2655 532 2720 quera
554 2656 616 2700 ooa
631 2637 720 2717 justi
739 2635 889 2717 facunda
912 2635 1045 2700 Solonis

178 2743 350 2824 Respicere
372 2743 418 2806 ad
439 2743 543 2826 loapre
558 2744 664 2825 jussit
685 2745 798 2825 spotia
820 2743 939 2807 altimo
961 2743 1046 2808 ritca.

61 2929 64 2936 ·
114 2913 228 2978 talibus
251 2913 330 2977 euim
354 2914 428 2978 loeis
452 2933 525 2997 opus
547 2917 648 2978 totum
671 2917 783 2978 scatet:
806 2917 879 2979 suant
897 2896 1015 2978 Horatii
1035 2914 1156 2978 stabiles

39 3086 45 3097 ,
115 3023 247 3104 spondei,
272 3022 323 3104 qui
346 3021 491 3096 efficiunt,
515 3025 549 3086 ut
570 3041 621 3085 res
641 3023 754 3087 tardior
771 3027 863 3105 atque
881 3022 1001 3104 gravior
1018 3023 1056 3085 ad
1072 3039 1156 3085 aures

114 3129 225 3204 veniat,
249 3130 492 3204 quamobremad
506 3135 729 3212 argumentum,
753 3131 841 3213 quale
853 3133 942 3212 poeta
954 3131 1156 3211 exponendum

114 3237 367 3319 adsumpserat,
391 3238 499 3302 eximie
512 3239 731 3303 accommodati
744 3240 824 3304 sunt.
858 3238 964 3301 Decies
982 3237 1014 3299 in
1038 3235 1156 3301 voeibus

112 3346 230 3412 Latinis
256 3348 407 3429 spondeus
429 3345 571 3428 quintum
593 3365 697 3411 versus
719 3348 827 3428 pedem
841 3345 887 3409 ita
908 3345 1027 3422 format,
1049 3347 1086 3408 ut
1107 3346 1157 3408 aut

109 3472 210 3530 voees,
233 3459 387 3536 quaesunt
410 3457 448 3534 et,
472 3450 539 3528 art,
563 3453 615 3530 ad,
639 3454 732 3535 qaod,
756 3454 864 3518 ultimo
887 3472 992 3517 versus
1013 3451 1156 3516 vocabulo

113 3561 291 3643 antepositae
303 3563 365 3626 sint
376 3562 577 3640 (mataxa,
590 3562 695 3642 lV,8l,
707 3561 1156 3644 Xl,68,XIlI,191,XIV.lt55)‚

113 3674 166 3733 aut
188 3689 295 3734 versus
317 3671 348 3734 in
371 3687 474 3735 vocem
497 3673 626 3752 quatuor
649 3669 834 3752 syllabarum
857 3671 943 3732 exeat
955 3667 1021 3750 (Vl,
1029 3672 1101 3748 429,
1119 3667 1156 3743 X,

111 3758 486 3862 332,‘xl1,1a1,xv‚36);
508 3779 540 3842 in
554 3778 725 3843 nominibus
737 3777 787 3842 vel
798 3776 914 3842 Graeeis
929 3776 1053 3840 voeibus
1075 3776 1156 3840 idem
1177 3862 1179 3866 μ

111 3885 255 3950 undecies
278 3887 394 3950 laetum
417 3885 897 3967 est(11‚145,vl,‘296-1,52‚
921 3884 1028 3965 lupa,
1052 3883 1156 3960 VLll,

111 3996 163 4072 80,
177 3996 332 4071 462620,
355 3994 392 4068 X,
410 3997 466 4058 151
556 3993 692 4069 VI,246‚
715 3992 798 4071 XIV,
812 3995 897 4072 329),
922 3991 1031 4074 ubique
1054 3996 1156 4057 autem

109 4104 143 4167 et
164 4102 213 4167 his
236 4103 310 4168 loeis
333 4106 364 4166 et
385 4101 461 4168 loeis
483 4102 702 4185 suprapositis
725 4101 865 4184 dactylus
888 4101 1053 4184 spondeum
1068 4102 1123 4164 ant
1142 4135 1156 4148 ·
