2566 4404
213 238 216 245 Δ
281 208 324 275 De
342 208 489 276 infinitivo,
507 209 685 276 imperativa,
707 211 869 279 participio.
1041 217 1104 280 185

47 416 109 487 tur,
130 411 227 476 totius
249 413 409 478 sententiae
432 413 652 478 condicionalis
674 416 723 478 vel
746 415 881 478 relativa
904 415 969 478 vice
997 414 1104 496 lungi-

48 524 108 595 tur,
131 519 335 585 ablativorum
362 520 586 602 consequentiae
608 520 738 584 formam
761 521 854 594 subit,
879 521 970 584 variae
993 522 1102 584 deinde

49 626 289 708 significationes
317 627 345 689 ei
368 627 585 709 subjiciuntur.
630 627 782 708 Imprimis
803 628 990 700 adjectivum
1013 631 1104 709 utque

49 733 247 814 participium
282 735 377 798 scituri
410 734 555 814 temporis
584 734 753 814 copulative
778 735 885 817 juncta
909 734 1009 797 eidam
1032 734 1103 798 sub-

10 848 19 865 ·
50 839 185 905 stautivo
217 841 387 904 adhaerent:
420 840 481 916 Xl‚
517 843 556 905 12
579 839 743 921 Eprepius
776 844 889 904 coenat
924 839 1105 919 meliusque

47 947 255 1010 vraiserriraus
277 945 447 1010 horamEt
464 948 678 1012 citocasuras
693 948 768 1028 jara
782 946 975 1028 perlucente
999 949 1101 1011 raiua

52 1057 124 1136 (quo
147 1053 212 1119 loco
227 1055 263 1118 ad
276 1055 456 1118 insolentem
479 1056 677 1137 comparativi
700 1055 837 1129 formam,
862 1074 929 1136 quae
952 1060 1000 1118 est
1014 1075 1103 1135 epre-

49 1160 137 1243 pius‚
160 1162 380 1225 attendendum
402 1164 470 1238 ast),
495 1163 525 1235 l,
549 1163 590 1227 33
613 1160 694 1224 Post
716 1161 801 1223 tuuc
823 1163 936 1240 mapui
976 1160 1109 1224 delator
1193 1143 1196 1150 ¹

52 1268 152 1331 amici
173 1267 219 1330 Et
241 1269 303 1331 cito
327 1272 486 1348 rapturas
517 1267 555 1332 de
582 1268 753 1332 aedilitate
781 1288 906 1330 caracsa
933 1269 1021 1349 Quid
1050 1288 1105 1331 su-

45 1378 179 1456 perest,·
202 1377 234 1438 et
256 1374 287 1438 in
309 1378 365 1440 sat.
389 1376 418 1438 X
440 1395 468 1439 v.
489 1378 568 1441 276:
595 1376 643 1439 Tu
666 1377 726 1439 tibi
748 1379 832 1440 tuuc.
857 1395 1007 1451 ercrraca,
1027 1374 1106 1455 pla-

52 1500 104 1546 ces
117 1468 298 1564 fleturusque
330 1481 458 1547 labellis
487 1481 664 1559 ausuras,
700 1501 771 1563 quae
804 1483 930 1560 scripta
963 1486 993 1545 et
1027 1485 1105 1562 preat

53 1587 340 1669 maritabatur,
366 1589 405 1653 Si
421 1590 480 1653 titi
497 1589 852 1670 relatppaeretepautar
874 1589 1001 1651 seriata
1025 1609 1107 1652 raac-

55 1694 350 1778 cliaparticipium,
374 1698 624 1778 quodscuteutiae
647 1684 814 1760 caudicioni
837 1695 981 1778 subjectae
1005 1696 1106 1758 locum

55 1804 159 1866 tanat.
192 1804 330 1868 uocatum
358 1822 431 1866 casu
460 1803 597 1884 ponitur,
626 1823 693 1885 quae
715 1801 859 1883 loquendi
882 1803 979 1866 forma
1002 1820 1037 1865 eo
1059 1804 1109 1865 in·

55 1909 204 1973 scientior
226 1913 281 1987 est,
303 1911 373 1990 quia
394 1910 417 1975 J
419 1909 572 1981 uveualis,
609 1909 661 1973 ubi
696 1908 887 1989 participium
922 1909 1045 1989 aliquod
1069 1910 1107 1972 ad

55 2016 231 2080 vocativum
241 2016 380 2093 refertur,
404 2017 614 2098 provocativa
638 2015 860 2078 nominativum
882 2035 992 2095 ponere
1016 2016 1111 2078 solet:

17 2146 22 2157 ·
57 2121 112 2196 IV,
146 2125 189 2187 24
210 2123 283 2186 Hac
311 2127 346 2186 tu
377 2123 569 2187 Succinctus
584 2124 703 2202 patria
726 2101 905 2202 quandam,
945 2122 1108 2202 Crispiue,

51 2248 185 2310 pappro
209 2231 262 2294 atr.
285 2231 355 2310 ΧΠ,
380 2233 431 2296 57.
454 2231 635 2310 Exemplum
659 2230 859 2293 ablativorum
883 2231 1109 2309 consequentiae

58 2354 116 2418 ope
137 2336 229 2400 huius
262 2337 414 2418 participii
445 2338 643 2399 formatorum
668 2337 770 2399 satira
793 2336 919 2399 decimae
942 2339 1057 2416 quartae
1080 2356 1109 2401 r.

58 2444 252 2525 59praebat:
286 2444 425 2525 Hospite
451 2447 586 2507 aeuturo
610 2443 748 2506 cessabit
769 2463 860 2506 uerna
883 2447 1022 2505 tuoraru.
1066 2443 1109 2507 Ut

57 2549 150 2613 variae
173 2551 323 2631 participii
346 2550 587 2633 significationes
599 2551 749 2623 eluceant,
772 2550 819 2630 iis,
844 2569 912 2630 qure
934 2550 1031 2630 posui,
1057 2568 1108 2611 eu-

60 2657 170 2737 emplis
192 2657 337 2720 nonnulla
358 2658 484 2733 addam,
518 2658 549 2720 in
582 2657 692 2737 quibus
715 2658 905 2720 substantivo
927 2657 1107 2738 adjunctum

60 2761 293 2849 adjectiviloco
314 2765 451 2845 ponitur:
474 2764 527 2840 VI,
551 2763 864 2844 duodenariorum,
888 2763 926 2826 cle
950 2783 1011 2843 pao
1036 2781 1107 2824 sea·

61 2871 171 2935 tarius
183 2868 267 2934 atter
278 2870 423 2934 Ducitur
438 2876 514 2935 aute
529 2872 634 2934 cidara
645 2870 797 2934 rabidam
811 2870 968 2953 facturus
992 2870 1107 2932 arecia

62 2978 126 3058 (qui
149 2977 260 3052 taciat3
284 2979 338 3041 atr.
364 2979 447 3060 Virg.
471 2979 549 3041 Aen.
573 2979 614 3054 ll,
638 2982 709 3054 675,
732 2979 808 3058 408)
831 2979 884 3040 cfr.
899 2977 952 3048 VI,
977 2978 1048 3056 604,
1072 2976 1113 3052 Χ,

64 3088 142 3159 144;
166 3086 190 3161 Ι,
216 3083 378 3150 ISStalta
400 3089 448 3147 est
469 3084 637 3172 cleuieutia
653 3086 813 3164 periturae
829 3103 967 3163 parcere
989 3080 1110 3144 chartae

65 3191 146 3275 (quae
159 3191 302 3273 peritura
326 3196 374 3255 cst
401 3192 455 3254 clr.
481 3193 565 3273 Virg.
586 3193 661 3255 Aen.
679 3193 720 3265 ΙΙ,
734 3193 809 3268 660)
831 3191 883 3255 ctr.
896 3189 955 3264 XI,
982 3192 1035 3262 173
1060 3188 1111 3264 VI,

63 3301 127 3366 435
143 3297 291 3379 Ipuoscit
313 3297 436 3362 Elissae
451 3299 616 3379 periture
639 3299 718 3380 (quae
741 3297 837 3378 parire
862 3297 942 3369 vult;
968 3293 1114 3375 Virgilius

65 3406 218 3470 morienti
248 3406 334 3484 dicit)
369 3406 424 3469 cfr.
448 3407 490 3472 V.
514 3410 572 3480 323
607 3407 631 3482 Ι,
666 3409 707 3470 70
734 3404 812 3483 Qua
833 3400 932 3465 raatte
958 3400 1119 3465 Galeaura

66 3512 266 3577 Porrectara
287 3514 358 3575 aira
393 3515 509 3577 miscet
542 3514 674 3576 sitiente
702 3509 849 3573 rubetam
884 3511 989 3589 (quum
1026 3509 1057 3572 in
1081 3526 1119 3572 co

12 3666 17 3673 -
69 3623 131 3693 est,
165 3623 201 3683 ut
228 3622 374 3703 porrigat)
409 3623 460 3684 ct'r.
489 3620 547 3698 lV,
582 3623 621 3684 87
650 3617 731 3681 Oura
754 3636 816 3696 pua
852 3615 890 3679 cte
905 3615 1033 3696 pluuiis
1057 3617 1116 3676 aat

60 3720 200 3791 'astibus
233 3730 292 3789 aut
326 3727 470 3790 aiuabasa
510 3725 588 3790 Vere
629 3725 770 3787 locuturi
806 3722 915 3805 satura
951 3722 1115 3803 peadetat

70 3835 184 3913 aruici,·
207 3835 260 3910 IV,
285 3837 326 3900 10
352 3832 433 3898 Oura
457 3853 518 3914 pua
542 3852 646 3911 cuper
667 3832 787 3894 vittata
803 3831 937 3912 jacebat
950 3829 1121 3909 Saupaiue

71 3940 176 4006 adhue
197 3942 269 4004 oica
294 3945 415 4005 terrara
437 3941 589 4003 subitura
611 3938 762 4012 sacerdos
778 3939 839 4019 (cui
851 3938 1017 4018 periculum
1042 3940 1116 4015 crat,

71 4032 107 4112 ne
129 4049 257 4123 subiret)
283 4049 337 4114 cfr.
361 4049 414 4120 VI,
438 4053 480 4113 44
507 4048 605 4127 Quera
629 4047 747 4109 tatieus
769 4046 849 4109 teuit
865 4044 1012 4124 perituri
1034 4043 1119 4104 cista
