2566 4404
118 199 178 260 110
557 192 601 245 De
620 191 724 258 ellipsi.
848 253 853 260 Α

114 397 195 478 quod
217 394 416 473 desideratur,
440 414 456 458 e
478 393 631 459 sententia
652 391 813 476 primaria:
834 412 894 457 nec
915 392 1002 458 tanc
1023 391 1145 474 lapideo

113 503 326 567 arcessendum
348 503 404 576 est,
427 504 459 564 et
481 503 518 564 ad
540 502 757 582 huncquoque
780 500 968 564 sententiam
991 503 1062 584 apta
1077 499 1144 564 uerbi

113 609 212 673 forma
233 611 288 671 aut
310 626 345 671 ex
368 607 550 689 praecedenti
572 608 664 672 verbo
686 611 836 687 torpuere
858 609 921 687 aut
944 607 1025 688 quod
1047 605 1145 680 malin,

113 733 149 780 ex
170 714 320 779 infinitivo
343 715 482 795 sequenti
504 714 645 778 emittere
667 713 833 778 revocanda
855 716 913 776 est.
956 713 998 776 nt
1020 713 1074 776 hcc
1092 713 1144 776 locc

47 859 50 863 ·
113 826 144 886 et
168 823 230 885 lere
253 820 376 902 ubique,
412 821 463 884 ubi
496 824 550 884 aut
578 820 680 900 aliqua
703 819 787 885 verbi
809 820 906 884 subst.
932 820 1030 883 terma
1051 819 1144 883 omissa

113 933 168 1004 est,
191 931 245 991 aut
267 927 394 991 verbum
415 945 451 990 ex
473 927 535 992 alia
557 926 717 1002 sententia,
733 926 796 991 sive
818 926 966 1008 primaria
983 928 1047 991 sive
1057 945 1143 990 secun·
1175 946 1184 971 ¹

112 1036 204 1111 daria,
239 1032 441 1116 repetendum
474 1036 530 1111 est,
560 1034 695 1108 verbum,
729 1033 810 1114 quod
843 1033 1040 1109 desideratur,
1071 1032 1142 1096 faede

113 1141 245 1214 auditur,
279 1140 334 1204 sed
356 1141 455 1203 exstat
476 1140 561 1204 locus
584 1140 672 1203 valde
694 1141 827 1215 vexatus,
861 1139 915 1221 qui
944 1140 1006 1204 huc
1034 1140 1141 1204 fortasse

87 1234 194 1312 'nani
217 1247 336 1310 debeat.
392 1247 427 1310 ln
450 1245 545 1310 satira
567 1246 647 1309 enim
670 1246 797 1327 decima,
830 1245 884 1308 ubi
905 1251 1000 1330 poeta
1019 1244 1140 1329 pericula

112 1372 180 1435 quoe
198 1353 305 1435 juveni
328 1352 456 1437 pulchro
479 1372 515 1416 ac
537 1353 786 1416 formosoitomae
809 1354 967 1418 subeunda
989 1358 1079 1428 erant
1099 1352 1139 1414 de·

113 1460 229 1536 scribit,
253 1459 284 1521 hi
307 1477 413 1554 versus
435 1477 462 1522 a.
486 1479 513 1522 v.
537 1462 595 1524 311
623 1459 783 1539 leguntur:

778 1609 854 1675 Fiet
876 1610 1007 1676 adulter

155 1717 312 1782 Publicus
333 1721 364 1781 el
379 1732 508 1796 poenos
528 1720 654 1794 metuet,
677 1737 888 1798 quascunque
908 1718 1023 1782 morit

156 1826 299 1907 Eripere
320 1826 411 1898 irati,
434 1844 493 1888 neo
515 1825 577 1888 erit
590 1823 726 1908 felicior
747 1828 839 1888 ostro

155 1933 293 2006 Martie,
309 1935 347 1995 ut
358 1932 396 1995 la
408 1931 541 2012 loqueos
552 1952 722 2012 nunquam
733 1931 868 1996 incidat.
891 1931 1110 2015 Eoriyitoutom

155 2039 328 2104 Interdum
349 2037 407 2102 llle
429 2037 522 2101 ololor
536 2037 627 2118 pluo,
651 2059 750 2119 quom
772 2038 824 2102 lero
845 2039 917 2103 ullo
940 2038 1045 2103 dolori

159 2147 336 2210 Gonoesslt.
598 2143 602 2149 ”

112 2314 162 2380 Sic
184 2315 348 2396 Rupertius
371 2317 402 2377 et
424 2313 537 2378 Weber
558 2314 659 2378 lecum
682 2316 791 2396 edunt3
825 2314 1030 2391 Heinrichius‚
1062 2322 1133 2395 quem

110 2421 240 2487 Jabnius
263 2425 295 2484 et
318 2421 512 2484 Hermaunns
543 2426 719 2503 sequuntur,
753 2440 807 2502 pro
840 2421 950 2498 verbis,
984 2441 1051 2503 quoe
1082 2410 1135 2482 sunt

111 2510 377 2608 morttelleo'pere
398 2528 481 2590 irati
495 2527 614 2590 scribit:
637 2526 997 2592 morltlslrotlsdebet.
1037 2524 1139 2592 codices

111 2635 308 2706 dissentiunt;
344 2636 435 2697 codex
457 2634 660 2719 Pithoeanus:
693 2635 808 2698 mariti
829 2617 918 2698 Iroto'
947 2635 1036 2700 debet
1058 2623 1146 2698 hebel·

111 2741 180 2805 alii:
203 2736 318 2804 mariti
329 2741 418 2804 lrotl
430 2739 551 2818 debeat,
564 2740 616 2804 alii
628 2745 742 2822 septem
758 2759 863 2805 versus
874 2743 967 2826 pedes
980 2740 1155 2806 efficientes*

110 2849 224 2912 mariti
242 2825 392 2929 Eripere
405 2848 488 2910 loeti
510 2847 631 2927 debent,
654 2847 707 2910 alii
729 2849 843 2910 mariti
864 2847 1008 2931 Eripere
1029 2850 1084 2912 iro
1099 2849 1169 2929 ΡΨ

110 2958 180 3024 tect,
215 2974 294 3018 unus
329 2955 443 3017 moolli
465 2953 554 3017 Irotl
567 2953 711 3036 sociant.
749 2954 952 3023 ¹Heinrichius
974 2957 1072 3039 igitur
1092 2952 1188 3019 ooss'

105 3063 260 3144 jecturam
284 3062 313 3124 in
338 3064 423 3124 textu
446 3060 557 3142 posuit,
582 3080 677 3141 neque
699 3061 865 3143 quidquam
888 3063 1002 3137 attulit,
1027 3083 1081 3126 eur
1101 3053 1189 3126 10⁰⁴

110 3168 226 3232 tionem
250 3168 427 3241 mutaverit,
452 3169 530 3248 quod
541 3185 576 3230 eo
588 3168 686 3249 magis
698 3169 871 3231 mirandum
882 3173 939 3246 est,
961 3171 1033 3250 quia
1045 3155 1189 3234 codic>e

109 3274 141 3338 in
165 3291 288 3338 summa
310 3274 497 3337 dissensione
519 3273 551 3336 in
574 3274 698 3339 vocibus
728 3275 842 3337 menti
863 3275 946 3339 eroli
968 3263 1188 3341 consenti11¹

111 3381 178 3461 (iro
194 3384 305 3460 potest
327 3382 416 3444 modo
440 3381 470 3442 in
494 3380 646 3444 codicibus
669 3381 821 3445 nonnullis
848 3383 1046 3468 interpolatis
1071 3376 1188 3466 atq*

113 3486 333 3550 recentioribus
366 3487 502 3568 legitur).
581 3485 741 3571 Scriptura
772 3489 1018 3569 praestantissimi
1051 3478 1188 3555 codiffl

23 3622 26 3627 ·
111 3593 448 3672 quoscunquemorltl
462 3592 552 3656 Iroti
575 3593 672 3674 debet,
699 3595 728 3657 in
752 3612 813 3676 qua
835 3597 910 3660 satis
933 3616 1050 3661 caussae
1073 3584 1188 3661 inc?

111 3717 166 3761 cur
198 3697 314 3762 librarii
347 3701 379 3762 in
413 3700 611 3781 explicatione
645 3701 710 3764 eius
737 3701 887 3767 haerentes
910 3721 979 3766 eam
1001 3705 1144 3767 emenda,
1184 3694 1187 3699 ’

72 3802 75 3808 ’
111 3805 210 3868 conati
247 3806 318 3880 sint,
353 3807 494 3886 explicari
525 3807 579 3871 illa
601 3807 723 3888 quidem
748 3812 857 3888 potest,
890 3826 987 3891 neque
1011 3809 1154 3891 intellig‘

110 3930 164 3975 cur
186 3911 327 3985 Jabnius,
351 3931 444 3992 quunr
467 3913 536 3976 aliis
560 3914 633 3977 locis
656 3915 821 3995 scripturas
834 3915 924 3980 buius
936 3916 1051 3980 codicis
1063 3897 1187 3980 mulfl

107 4018 274 4084 deteriores
296 4019 327 4084 in
352 4020 439 4085 textu
461 4020 609 4106 posuerit,
633 4039 700 4084 cani
722 4019 1187 4103 prauueuu‘pectunuccnigess
