2566 4404
415 121 457 173 De
476 118 638 174 notionibus
657 119 874 173 transferendis.
1106 123 1170 188 225

202 324 294 388 Notio
316 324 411 405 igitur
434 324 586 388 abstracta
607 340 662 408 pro
678 326 817 387 concreto
835 325 969 408 ponitur,
1000 343 1017 387 a
1040 341 1100 405 quo
1122 324 1168 388 lo·

112 432 227 514 quendi
249 451 306 495 usu
329 431 356 494 is
379 431 584 513 sejungendus
607 434 662 506 est,
694 431 772 511 quod
800 431 882 495 notio
905 430 1071 509 abstracta,
1100 450 1167 512 quae

113 541 230 603 statum
249 539 295 602 vel
311 537 518 602 condicionem
534 537 683 619 exprimit,
706 537 755 601 cui
776 538 869 601 homo
891 537 1001 620 aliquis
1023 538 1169 604 obnoxius
1244 525 1266 582 ·'

111 650 171 720 est,
193 665 246 728 pro
269 648 334 710 toto
356 645 512 708 hominum
536 663 662 708 numero
684 644 825 730 ponitur,
860 645 912 726 qni
935 646 1041 709 eadem
1063 646 1167 709 condi·

112 753 200 817 cione
223 755 381 829 tenentur,
404 753 490 816 cuius
512 751 654 832 loquendi
676 770 750 816 usus
773 752 979 827 substantiva,
1007 770 1074 832 quae
1097 755 1170 816 sunt

112 851 460 937 seroittoweaeotos,
477 860 709 941 jooeotuapro
725 859 831 937 servis,
851 858 982 928 senibus,
1002 858 1168 940 juvenibus

113 969 215 1053 posita
233 970 302 1031 nota
319 966 457 1048 exempla
476 967 620 1048 praebent,
644 966 724 1029 unde
747 965 800 1028 ille
822 985 896 1029 usus
918 965 963 1029 ita
985 966 1167 1045 extenditur,

114 1083 151 1139 ut
172 1075 256 1138 locus
281 1091 334 1154 pro
356 1073 530 1138 bominibus
552 1073 594 1136 ibi
618 1073 806 1137 versantibus
829 1073 877 1136 vel
899 1073 983 1137 notio
1005 1073 1166 1149 abstracta,

115 1173 193 1264 quae¹
207 1199 350 1266 personas
365 1186 492 1262 agentes
508 1181 676 1244 necessario
698 1181 928 1262 complectatur,
952 1199 1007 1265 pro
1031 1182 1167 1262 personis

114 1293 252 1371 ponatur.
288 1289 337 1352 Sic
349 1286 519 1369 arpastato
531 1287 598 1369 (VI,
624 1290 697 1368 151)
710 1307 763 1369 pro
785 1288 880 1352 servis
903 1288 1043 1352 omnibus
1065 1289 1096 1352 in
1120 1308 1168 1352 er-

116 1396 246 1477 gastulis
274 1396 416 1468 inclusis,
451 1414 551 1458 coeno
573 1393 637 1472 (ΙΙ,
664 1398 737 1472 120)
766 1414 819 1477 pro
842 1396 1055 1475 coenantibuS,
1087 1416 1163 1460 coa·

115 1504 205 1566 civia
240 1503 293 1576 Ν,
323 1505 377 1582 82)
403 1522 456 1584 pro
491 1503 685 1567 convivarum
727 1521 871 1577 numero,
910 1523 1029 1584 papan
1063 1502 1162 1584 (VIII,

77 1664 80 1669 ,
119 1611 194 1692 120)
225 1628 280 1694 pro
309 1610 515 1691 pugnantibus
544 1609 700 1680 hostibus,
736 1608 851 1674 Otrous
875 1611 950 1689 (IX,
977 1615 1053 1687 144,
1078 1610 1165 1685 VIII,

111 1722 166 1794 58)
188 1736 242 1798 pro
265 1717 414 1794 omnibus,
438 1718 488 1799 qui
511 1717 543 1781 in
566 1717 652 1781 (iiico
675 1717 762 1782 ludos
785 1720 934 1799 spectant,
957 1717 1054 1799 posita
1078 1717 1166 1780 vido-

111 1843 190 1900 mus,
214 1829 245 1888 et
266 1824 381 1889 notioni
409 1825 572 1889 abstractae
600 1842 654 1905 pro
682 1828 820 1889 concreto
849 1825 893 1889 sic
923 1825 1032 1910 positae
1061 1825 1164 1888 condi-

113 1932 222 2004 ciones,
246 1931 390 2009 actiones
413 1932 541 1995 affectus
564 1949 760 2013 personarum
783 1932 1009 1996 attribuuntur:
1048 1930 1164 1998 Otreos

114 2057 250 2116 vaccua,
280 2037 458 2116 clamosos,
483 2033 560 2120 ¹quae
589 2040 727 2120 exempla
748 2039 901 2120 duplicem
930 2038 1163 2103 translationem
1233 2080 1235 2084 ι

111 2145 277 2221 continent,
300 2165 370 2209 nam
384 2147 489 2212 ciro-as
511 2164 633 2208 raucas
655 2164 714 2209 non
738 2149 794 2223 est,
817 2148 853 2209 ut
874 2145 1163 2228 vulgointolligunt,

112 2253 226 2330 circaea,
250 2252 300 2334 qui
320 2252 416 2316 multo
430 2253 561 2317 clamore
572 2253 740 2335 plausuque
752 2255 882 2329 resonat,
905 2253 958 2316 sed
975 2253 1073 2316 circus
1096 2254 1165 2334 (bo-

75 2418 80 2426 .
112 2359 199 2421 nines
222 2359 254 2422 in
276 2359 355 2423 circo
386 2360 472 2423 ludos
501 2363 701 2441 spectantes),
729 2359 781 2440 qui
809 2359 967 2423 clamando
989 2377 1098 2423 raucus
1120 2360 1165 2435 fit,

114 2466 218 2528 eodem
234 2467 397 2547 modoquo
410 2466 542 2540 Codrum
557 2484 683 2530 raucum
694 2466 795 2531 vocari
812 2467 878 2548 jam
903 2466 1043 2543 vidimus,
1065 2486 1164 2549 neque

118 2570 235 2646 Otrous
257 2571 419 2636 clamosus
446 2574 544 2638 circus
571 2572 703 2638 clamore
731 2591 875 2638 resonans
904 2577 968 2649 est,
998 2575 1051 2638 sed
1074 2574 1163 2638 utin

115 2679 216 2742 satirae
227 2680 300 2742 XIV
314 2700 340 2743 v.
356 2682 394 2744 91
408 2682 496 2762 pater
509 2699 618 2745 avarus
631 2679 793 2744 clamosos
806 2685 937 2755 vocatur,
962 2682 1006 2745 sic
1018 2681 1164 2757 homines,

116 2785 220 2866 quiin
242 2787 322 2850 circo
345 2791 424 2864 sunt,
447 2787 581 2854 clamosi
603 2792 758 2864 vocantur,
782 2790 860 2869 quod
882 2789 1069 2871 adjectivum
1091 2788 1164 2852 sub-

179 3061 238 3108 tate
259 3058 380 3123 quadam
399 3059 536 3112 orationis
556 3065 619 3113 orta
639 3065 705 3133 sunt
723 3060 797 3123 (Iaaeo
815 3075 867 3126 pro
887 3073 1015 3112 sermone
1034 3058 1108 3124 Isaei‚
1127 3059 1165 3108 dia

179 3155 230 3206 pro
249 3148 394 3208 potestate
415 3142 545 3210 deorum,
569 3144 628 3194 aula
646 3159 697 3211 pro
716 3142 889 3209 praefectura
908 3143 997 3207 aulae,
1017 3144 1085 3192 rebus
1103 3141 1164 3191 laerta

178 3240 230 3290 pro
238 3241 370 3280 mensura
379 3241 472 3280 rerum
484 3227 620 3294 laetarum,
631 3229 706 3279 minor
718 3229 771 3293 ipae
779 3243 831 3294 pro
849 3242 893 3294 eo,
905 3226 979 3293 quod
991 3231 1046 3279 est:
1063 3225 1162 3292 minor,

181 3323 263 3374 quam
275 3311 322 3375 qui
334 3312 453 3364 cremari
472 3311 609 3378 potuerit,
631 3314 719 3363 macab
737 3312 857 3361 cothurnis
874 3326 941 3377 pro:
962 3325 1043 3375 quam
1063 3324 1125 3375 quae
1135 3309 1164 3363 in

89 3387 92 3394 ’
178 3395 336 3459 tragoediis
348 3396 552 3462 depinguntur3
572 3398 768 3463 acwnieepro:
789 3396 873 3447 avita
884 3394 1014 3462 cornicis,
1035 3400 1064 3447 et
1083 3409 1164 3460 quar·

178 3483 237 3530 tum
265 3480 432 3546 exemplum,
460 3479 494 3532 de
515 3495 569 3546 quo
588 3480 771 3533 Heinrichius
790 3479 844 3532 hoc
872 3478 957 3531 dixit:
986 3496 1065 3538 „cum
1095 3491 1163 3531 voce

177 3562 246 3626 galli
265 3579 321 3615 vox
340 3564 463 3618 hominis
485 3564 674 3630 comparanda
694 3569 773 3630 erat,
792 3562 842 3616 sed
862 3577 954 3616 sermo
973 3578 1031 3616 rem
1050 3563 1163 3616 brevius

156 3637 159 3643 ’
178 3649 299 3713 exponit
319 3654 349 3699 et
367 3648 471 3714 gallum
489 3664 541 3715 pro
560 3663 629 3701 voce
643 3647 712 3714 galli
722 3647 871 3713 nominata
891 3662 925 3700 ea
935 3647 969 3699 de
980 3662 1081 3700 caussa
1098 3647 1163 3700 loco
1224 3674 1227 3678 ⁴

176 3732 342 3784 movendum
361 3729 422 3799 est,
443 3732 520 3799 quod
537 3747 598 3789 vox,
610 3733 693 3786 amici
711 3722 767 3784 non
787 3747 849 3784 cum
868 3731 943 3798 gallo
963 3732 1042 3798 (ille),
1063 3730 1114 3784 sed
1132 3745 1162 3783 re

175 3830 241 3867 vera
272 3832 334 3869 cum
363 3832 431 3869 voce
451 3816 519 3883 galli
547 3815 598 3879 (dle
615 3817 699 3882 sonat)
716 3824 905 3882 comparatur.
943 3815 1046 3881 Magna
1071 3830 1163 3869 exem·

177 3898 288 3964 plorum
306 3915 374 3966 pars
393 3900 457 3952 inde
478 3907 540 3952 orta
559 3905 612 3965 est,
632 3898 707 3965 quod
725 3899 871 3964 genetivus
899 3912 963 3951 raro
983 3899 1022 3952 ita
1040 3900 1164 3968 ponitur,

174 3987 206 4033 ut
224 3982 429 4036 substantivum
450 3983 590 4036 audiatur.

961 4069 994 4123 lb
