2566 4404
451 210 494 263 De
514 210 622 278 ellipsi.
997 211 1057 278 133

120 416 234 479 obilem
277 415 437 478 mulierem
478 415 542 477 tam
575 414 647 477 altis
685 414 866 496 capillorum
903 413 1058 477 ordinibus

120 523 206 586 ilat-is
219 525 309 604 eaput
325 526 483 586 ornantem
501 520 649 606 depingit,
674 522 848 586 utafronte
860 521 929 596 alia,
951 538 1058 584 aversa

122 649 154 692 se
176 629 325 706 videatur,
359 631 425 693 haec
455 649 481 691 a.
505 649 533 692 v.
556 632 619 693 504
641 629 742 692 addit:
792 628 874 692 Cedo
906 629 936 690 si
966 629 1057 692 breve

124 735 252 800 Sortito
282 739 331 799 est
361 735 475 799 lateris
501 737 669 816 spatium?
715 736 850 816 Utroque
873 736 938 798 loco
963 735 1058 797 Hein-

143 843 266 924 signum
288 844 534 925 interrogationis
557 844 647 917 delet,
671 846 702 905 et
722 842 908 906 locutionem
931 842 1004 905 cedo
1026 842 1058 904 si

119 951 240 1014 ›tidiauo
263 969 401 1013 sermone
424 950 553 1031 petitam
574 969 670 1031 genus
694 951 844 1031 quoddam
873 949 1057 1030 aposiopesis

119 1075 163 1120 ere
185 1057 267 1121 dioit.
313 1057 477 1138 conparat
499 1056 625 1135 Quintil.
649 1057 704 1131 IX,
728 1060 806 1123 221:
837 1055 921 1120 Cedo
949 1057 980 1118 si
1001 1074 1058 1119 vos

123 1164 191 1228 loeo
214 1165 336 1243 essetis,
360 1163 441 1244 quid
461 1163 557 1226 aliud
574 1163 758 1244 fecissetis?
781 1167 812 1227 et
824 1163 885 1228 Cic.
906 1182 961 1248 pro
977 1164 1057 1227 Mur.

118 1272 199 1352 qnid
215 1275 356 1352 postea?
378 1271 566 1352 laudansque
578 1271 749 1334 thaintrii
766 1270 893 1335 alterius
904 1271 1057 1335 Iuvenalis

119 1380 300 1443 arrationem
314 1383 458 1464 (equanto
473 1377 572 1462 magis
584 1378 745 1441 ridendum
757 1378 857 1453 erite),
874 1398 953 1451 euni,
977 1379 1057 1458 quod

118 1485 386 1567 rinternogatiouis
399 1485 597 1567 subjunxerit,
620 1486 784 1570 vituperat.
817 1486 1057 1549 discohaerentia
1096 1520 1099 1524 ·

118 1594 152 1656 ris
174 1612 308 1674 eaquae
330 1593 479 1656 audienda
500 1592 569 1663 sint,
602 1592 691 1655 facile
714 1592 832 1655 definiri
854 1593 948 1655 addit.
995 1593 1056 1656 Ru·

118 1721 123 1763 v
135 1702 263 1764 eandem
274 1701 336 1763 iere
349 1701 429 1763 viam
443 1701 598 1780 ingressus
610 1699 741 1762 alterum
753 1700 853 1762 loeunr
867 1698 910 1762 sie
922 1701 1056 1763 enarrat:

135 1808 192 1883 dio,
215 1807 287 1888 quid
300 1808 428 1870 eredas?
450 1806 523 1886 quid
535 1807 667 1870 deinde?
690 1810 736 1870 vel
749 1809 861 1887 quanto
876 1807 975 1886 magis
991 1806 1057 1869 soil.

122 1915 235 1994 creden,
265 1914 292 1977 01
314 1914 402 1976 breve
426 1919 514 1977 eet«.
558 1913 628 1977 Looi
653 1913 833 1993 Quintiliani
856 1916 948 1995 atque
973 1913 1056 1976 Cice·

133 2039 207 2103 quos
230 2021 428 2084 Heinriohius
452 2041 519 2084 ourn
543 2021 618 2085 10010
641 2021 799 2085 Juvenalis
823 2025 985 2100 oourparat,
1020 2018 1058 2082 ab

117 2129 179 2191 ersi
197 2130 283 2205 sunt3
305 2128 447 2208 inpriore
460 2129 540 2191 enim
553 2129 705 2192 sententia
717 2128 884 2192 oondioioni
897 2128 1058 2209 subjuncta

133 2238 188 2310 est,
212 2236 289 2298 etin
307 2235 402 2299 altero
426 2235 622 2317 interrogatio
647 2236 804 2315 particulae
827 2235 900 2298 aedo
925 2236 1054 2298 additur.

116 2342 263 2405 iuvenalis
285 2342 360 2434 loeis
383 2343 473 2405 niodo
496 2343 547 2404 hio
559 2340 680 2404 Senecae
697 2342 796 2405 1000οε
824 2341 908 2406 Cedo
931 2344 962 2405 si
983 2362 1057 2423 spes

115 2447 195 2511 rotas
224 2448 365 2527 impedio
397 2451 448 2529 (de
471 2449 558 2512 olem.
581 2450 607 2525 Ι,
631 2451 663 2527 9)
697 2450 824 2512 conferri
856 2454 966 2532 potest.
1016 2452 1056 2512 111

115 2557 179 2619 1000
204 2557 364 2619 sententiaa
392 2557 618 2638 interrogativae
641 2558 781 2638 adjuncta
807 2557 880 2620 cedo
903 2558 934 2619 si
956 2561 1054 2620 ortum

129 2663 346 2744 interrogative
369 2664 500 2744 ponit-ur,
523 2666 576 2727 sed
598 2665 629 2727 in
651 2664 721 2749 ipsa
743 2664 961 2745 particularum
984 2682 1056 2727 oon-

114 2790 160 2832 ›ne
182 2770 299 2850 ellipsis
321 2771 416 2844 10000
451 2790 509 2834 000
528 2772 594 2853 jam
616 2772 681 2845 hoo,
707 2773 771 2852 J'arn
802 2771 878 2834 illud
901 2789 935 2834 ex
959 2771 1055 2834 cohae-

135 2876 283 2939 sermonis
311 2878 448 2951 auditur,
484 2896 580 2958 neque
614 2879 712 2941 ullum
746 2878 931 2959 aposiopesis
960 2897 1056 2958 genus
1160 2931 1163 2939 .

114 3032 119 3060 ,
143 2987 174 3046 et
196 3001 256 3064 qua
280 2984 501 3065 significatione
523 2986 770 3066 particula—in
791 2985 951 3069 particulae
975 2985 1057 3047 enirn

113 3090 1055 3174 nloeutiotrausiissedieipotestn-apudduvenalenrponatur,

113 3199 143 3260 01
166 3199 283 3273 docent,
318 3199 427 3278 quibus
455 3184 554 3280 poeta,
588 3203 748 3281 postquam
779 3217 845 3262 rem
872 3216 1055 3282 perversam,

117 3304 185 3384 quis
203 3306 273 3386 jure
297 3307 458 3370 miraretur
482 3310 512 3369 et
536 3307 972 3383 1011110101,00000010010011Ὶ
997 3307 1055 3369 han

112 3412 155 3473 rla
176 3413 323 3474 maiorem
344 3413 573 3493 perversitatem
597 3414 691 3478 addit.

112 3518 274 3582 *articulum
310 3520 547 3584 condicionalem
582 3521 701 3597 omitti,
739 3524 770 3585 et
803 3523 956 3603 dupiioem
989 3540 1055 3585 esse

128 3625 301 3689 omissionis
335 3626 482 3690 rationem
513 3628 687 3709 Madvigius
721 3629 823 3693 donet:
858 3630 991 3713 primurn
1023 3629 1055 3691 in

114 3732 239 3815 periodi,
273 3733 325 3795 ubi
353 3733 385 3796 in
408 3736 559 3798 concitata
581 3738 612 3799 et
634 3735 716 3799 brevi
739 3737 875 3800 oratione
900 3737 940 3810 id,
974 3736 1053 3816 quod

111 3840 186 3902 ionis
198 3840 263 3903 looo
276 3840 324 3916 sit,
348 3845 478 3925 ponatur
489 3845 521 3904 et
533 3860 599 3906 esse
611 3842 799 3924 fingatur-
812 3843 856 3907 sio
876 3845 956 3907 eninr
975 3843 1053 3906 tales

119 3947 310 4031 accipiendos
345 3949 447 4032 potius
477 3967 543 4013 esse
572 3967 662 4029 quani
694 3969 747 4032 per
774 3950 1064 4032 interrogationem,

128 4072 163 4115 re
191 4073 259 4118 vera
286 4057 476 4140 particulam
506 4079 570 4126 non
600 4061 712 4128 omitti
738 4061 799 4127 sed
829 4059 902 4123 eius
931 4054 1092 4142 ponendae
