2566 4404
395 230 438 282 De
457 229 562 298 ellipsl.
946 236 1009 305 155

114 432 255 514 epitimio
269 436 406 512 pactam
428 479 485 495 ...
509 433 587 496 Non
610 453 643 498 es
665 439 847 500 amaturus.
894 435 1007 501 Nostro

114 557 134 602 a
156 557 222 602 sme
237 538 328 602 dubio
340 538 455 603 Niobae
467 540 603 622 exemplo
624 541 723 622 posito
739 543 778 605 ad
796 561 919 608 uxorem
940 562 1005 608 om-

115 645 253 721 onvertit
277 647 309 708 et
332 645 422 708 verba
444 645 488 709 sic
510 647 678 711 enarranda
699 649 785 714 suut:
813 649 909 715 nullo
930 669 1006 732 pra-

115 771 167 831 pce
184 750 295 832 forma
316 752 435 815 maceio
459 753 546 815 tanti
567 757 630 826 eet,
664 758 702 816 ut
716 757 856 834 propter
877 770 950 816 eam
971 769 1006 814 oe

115 861 175 922 utet
196 862 248 935 (=
262 860 349 923 tuum
363 860 586 923 contumaciam
607 864 699 942 atque
718 859 891 942 superbiam
907 858 1005 934 ferat),

118 967 159 1032 84
184 964 340 1045 Quaedam
365 985 477 1045 parvo
506 966 635 1046 quidem
664 967 810 1032 sednon
832 961 1006 1030 tolerando

143 1073 237 1136 Poeta
270 1074 374 1135 autem
407 1072 545 1136 aNiobe
577 1073 738 1154 gravitatis
775 1077 866 1155 atque
900 1072 1005 1134 formae

115 1197 129 1240 1
150 1179 242 1260 petit,
277 1181 308 1241 et
337 1178 561 1242 substantivum
582 1181 779 1260 pravitatem
807 1176 1004 1262 ponemini,

115 1303 139 1364 :o
145 1284 333 1367 intelligunt,
346 1286 382 1348 de
391 1284 539 1349 Corneliae
547 1287 667 1369 (vuol)
680 1287 839 1367 splendore
855 1283 1006 1348 natalium

123 1391 222 1456 Niobe
249 1391 410 1462 fertilitate
438 1396 547 1473 (prope
569 1396 723 1455 notorum
753 1412 780 1456 v.
809 1395 883 1469 175)
912 1393 1002 1471 atque

114 1517 141 1560 »n
162 1498 264 1561 minus
293 1517 386 1578 quam
412 1498 533 1579 genonis
561 1499 676 1581 origiue
704 1499 833 1581 superba
857 1499 935 1571 erat,
971 1497 1003 1559 et

123 1608 214 1686 atque
236 1606 334 1668 forma
356 1605 468 1668 bonum
491 1606 567 1669 illud
590 1610 646 1681 est,
670 1607 748 1688 qnod
767 1624 928 1669 summum
950 1621 1002 1665 ra

116 1716 155 1786 (v.
182 1710 256 1789 179)
279 1716 422 1794 vocatur,
456 1714 652 1792 quamobrem
672 1713 825 1794 prauitas
853 1730 889 1774 ex
911 1711 1002 1774 huius

114 1817 220 1900 quendi
243 1837 302 1881 usu
325 1819 391 1898 (cl'r.
414 1818 500 1883 ovio.
524 1820 648 1883 Metam.
676 1820 729 1896 IX,
752 1821 814 1886 287
841 1815 1003 1882 Tendebat

132 1927 259 1987 uterum
292 1923 385 2004 miti)
414 1927 451 1989 de
473 1924 634 1989 fertilitate
667 1926 787 1990 dicitur.
844 1924 1002 2004 Voluptas

114 2048 148 2095 on
182 2034 230 2095 est
250 2031 390 2112 voluptas
414 2031 550 2096 mulieris
572 2033 625 2096 sed
647 2033 720 2109 viri,
755 2035 787 2096 et
819 2049 1001 2113 quamquam

114 2157 143 2202 m
164 2139 300 2220 aliquam
322 2137 485 2218 plusaloes
507 2158 597 2220 quam
621 2139 726 2204 mellic
740 2139 852 2202 habere
876 2157 894 2200 a
912 2139 1003 2218 poeta

114 2262 208 2308 enon
230 2245 420 2327 negaverim,
454 2249 557 2309 tamen
581 2245 697 2309 nullam
721 2264 788 2310 esse
812 2245 1001 2324 voluptatem

113 2399 119 2423 ,
153 2351 272 2434 quoties
294 2353 359 2415 haec
387 2352 528 2433 voluptas
550 2357 629 2434 (quae
652 2352 749 2434 igitur
771 2353 871 2430 adest)
894 2350 1001 2415 animo

113 2461 242 2539 eormpta
263 2459 313 2532 sit,
337 2460 409 2522 dure
432 2459 552 2524 dicitur.
597 2459 698 2537 Quom
722 2460 813 2533 enim,
838 2459 902 2531 hoo,
928 2455 1001 2523 nul-

123 2567 168 2628 rei
189 2565 390 2647 voluptatem,
424 2565 538 2646 posito,
569 2565 723 2639 condicio,
759 2565 815 2630 sub
839 2583 914 2646 qua,
950 2564 1001 2628 vel

113 2691 143 2735 u
162 2672 216 2735 illa
237 2691 287 2736 reo
307 2673 462 2752 voluptate
485 2675 602 2748 careat,
633 2672 772 2736 addenda
793 2674 850 2746 est,
874 2690 940 2736 nou
963 2671 1001 2734 de

113 2827 116 2852 ,
149 2798 216 2860 quae
239 2778 322 2842 nulla
343 2796 409 2842 esse
427 2779 495 2860 jam
517 2779 598 2842 dicta
620 2781 680 2851 est,
715 2780 856 2859 corrupta
886 2777 1000 2840 cedde

114 2887 145 2948 ta
169 2885 329 2949 dicendum
347 2889 401 2959 est,
424 2887 454 2948 et
469 2887 560 2966 poeta
581 2886 640 2950 hoc
663 2886 728 2948 loco
742 2884 860 2948 nullom
885 2882 1001 2946 summi

113 2992 223 3057 uitatis
256 3010 291 3055 ac
319 2992 424 3054 formae
458 2992 571 3065 uxorio)
610 2992 797 3072 voluptatem
831 2991 895 3054 viro
931 3007 998 3054 ease

112 3100 195 3162 toties
216 3098 274 3162 hoo
296 3117 450 3161 summum
478 3098 590 3163 bonum
613 3097 714 3161 uxoris
743 3098 845 3161 animo
868 3095 1000 3176 superbo

112 3225 125 3269 u
148 3207 204 3278 sit,
226 3206 280 3270 sed
304 3205 496 3286 pa1·ticipium
519 3208 675 3285 corrupto
699 3205 779 3287 (scil.
802 3222 894 3284 uxor,
920 3204 1001 3283 quod

113 3331 144 3375 m
166 3312 258 3376 otiam
281 3313 455 3393 pronomine
478 3313 618 3393 sequenti
639 3310 734 3375 illam
756 3332 783 3375 v.
809 3313 868 3377 162
891 3309 1001 3373 defini·

114 3438 167 3482 ens
200 3437 282 3496 eam,
326 3419 358 3481 in
393 3436 453 3500 qua
491 3438 646 3483 summum
688 3419 800 3481 bonum
834 3417 933 3492 inest,
972 3420 1003 3481 et

112 3527 195 3589 ›tioni
234 3544 341 3589 caussa
378 3525 450 3588 boni
496 3525 629 3605 corrupti
669 3525 802 3600 (animus
841 3514 1003 3605 superbus)

111 3636 128 3710 t,
152 3632 320 3696 substituit.
365 3633 472 3715 Neque
495 3633 551 3696 hoc
573 3632 724 3696 offendere
747 3631 852 3711 debet,
875 3649 949 3694 nam
970 3631 1004 3694 in

111 3757 137 3815 a,
161 3758 227 3820 quae
250 3740 433 3804 feminarum
455 3740 529 3803 vitia
550 3737 744 3820 perstingit,
778 3740 868 3817 poeta
889 3738 1002 3818 crebro,

111 3849 119 3913 i
142 3847 313 3929 subjectum
335 3847 442 3920 subito,
467 3847 551 3910 nulla
573 3843 794 3926 significatione
817 3843 910 3917 lacta,
935 3862 1003 3906 mu-

111 3955 318 4035 hatantivum,
354 3955 433 4036 quod
455 3957 503 4018 est
517 3952 666 4039 semion,
687 3970 793 4028 emmoq
813 3942 953 4022 omittit„
981 3953 1019 4010 et
