2566 4404
218 174 221 180 ’
329 187 373 240 De
392 185 541 254 particulis
561 186 742 254 copulatiris.
1018 189 1059 254 97

113 409 177 472 rque
200 386 364 465 nobilibus,
397 388 449 471 qui
483 406 565 452 more
599 389 695 452 veteri
723 390 759 453 ad
794 389 941 454 lectorum
964 387 1061 452 fulcra

114 516 147 561 es
170 497 398 568 vescebantur«
425 496 456 559 et
477 495 557 575 apud
579 497 709 560 eundem
732 497 782 576 (de
794 498 937 579 Angusto
948 495 1060 575 LXIV)

114 602 276 668 ecoenavit
289 620 360 682 una,
385 599 446 664 nisi
461 603 496 664 ut
508 602 537 663 in
554 602 616 666 imo
627 601 707 666 lecto
721 605 847 684 nepotes
858 603 1057 679 assiderent,‹

121 727 240 775 morem
260 708 386 773 Tacitus
410 726 528 790 quoque
550 708 674 787 (Annal.
699 707 790 786 XIII,
815 713 866 787 16)
889 709 1060 773 confirmat:

116 816 296 890 habebatur,
319 813 490 896 principum
512 814 623 879 liberae
645 834 713 879 curn
737 815 847 879 cetens
861 815 942 879 idem
955 814 1056 881 aetatis

114 943 158 988 rus
180 924 322 988 sedentes
345 922 428 986 vesci
451 921 482 984 in
496 922 649 1011 ‘adspectu
678 922 914 1004 propinquorum
938 925 970 985 et
991 941 1062 1004 par-

121 1048 254 1094 mensa.‹
313 1029 360 1091 De
392 1028 493 1110 pneris
525 1028 625 1110 igitur
651 1029 689 1092 ad
711 1027 809 1091 fulcra
831 1028 1007 1092 sedentibus
1030 1031 1062 1093 et

134 1124 224 1200 aselli
261 1135 343 1200 inter
381 1151 504 1199 coenam
537 1135 742 1199 alludentibus
774 1134 859 1199 locus
893 1134 1059 1199 enarratur.

117 1243 212 1318 chius,
237 1243 288 1326 qni
313 1243 442 1324 priorem
471 1240 607 1306 Suetonii
630 1241 729 1306 locum
753 1242 850 1319 allent,
879 1259 934 1324 pro
955 1243 1057 1323 pueris

135 1349 308 1428 substituit,
343 1369 417 1430 qnos
450 1347 576 1428 antiquo
611 1366 693 1411 more
727 1348 764 1410 od
792 1348 889 1412 fulcra
910 1349 1059 1413 lectorum

114 1468 150 1520 es
173 1455 253 1520 vesci
276 1455 383 1519 solitos
406 1473 472 1518 esse
494 1454 577 1532 dicit,
600 1458 632 1518 at
655 1456 805 1519 deservis
834 1456 883 1520 hic
913 1474 978 1520 mos
1001 1474 1059 1520 non

115 1582 152 1639 ur,
182 1565 213 1625 et
235 1562 416 1627 scholiastes
438 1562 474 1624 de
496 1561 596 1626 vernis
618 1561 785 1627 infantibus
807 1560 972 1626 liberorum
994 1562 1060 1627 loco

114 1672 231 1734 veteres
246 1670 377 1733 rusticos
392 1667 660 1750 babitisloquitur.
705 1670 780 1733 Haec
791 1673 894 1734 antem
909 1669 1060 1734 enarratio

118 1795 169 1840 um
190 1792 251 1840 non
273 1794 397 1858 parvam
412 1775 633 1840 dubitationem
646 1777 745 1857 babet,
770 1794 839 1839 nam
855 1795 951 1858 neque
963 1794 1060 1852 voces,

117 1887 173 1946 unt
195 1882 240 1945 ed
261 1885 360 1963 ceput
383 1881 502 1957 loedere,
526 1883 620 1966 capiti
641 1882 776 1946 alludere
799 1883 848 1946 vel
869 1902 939 1946 cum
961 1883 1061 1963 capite

126 1989 297 2071 significare
320 1992 456 2071 possunt,
491 2009 588 2071 neque
617 1990 702 2071 pueri
741 1994 796 2053 aut
822 2009 921 2054 vernae
954 1989 1061 2054 rustici

124 2095 251 2159 clamat
272 2114 400 2176 usquam
424 2097 504 2178 apud
527 2101 632 2177 poetas
653 2096 808 2160 vocantur.
875 2096 1004 2159 Ovidius
1027 2114 1059 2160 se

114 2203 132 2266 ri
164 2202 242 2266 ruris
275 2202 435 2266 alumnum
469 2204 573 2277 vocat,
614 2201 730 2267 Statius
764 2202 893 2266 Dianam
928 2202 1061 2266 nemoris

114 2328 167 2373 ‚am
204 2309 350 2382 nominat,
384 2309 464 2390 apud
501 2308 656 2373 Valerium
678 2310 823 2374 Flaccum
857 2310 956 2392 pisces
989 2313 1062 2374 sunt
1093 2385 1103 2403 ·

114 2417 148 2480 ris
171 2416 296 2491 alumni,
327 2418 362 2479 ut
384 2417 463 2498 apud
486 2415 661 2480 Ciceronem
683 2435 764 2480 ranae
787 2416 916 2498 paludis
930 2415 1062 2480 alumnae

134 2523 277 2586 Horatius
311 2522 443 2604 capellas
476 2522 616 2586 alunnms
638 2527 726 2587 vocat
753 2527 785 2587 et
816 2525 896 2606 apud
932 2524 1063 2587 eundem

144 2628 302 2711 Satyrique
331 2628 477 2693 silvarum
510 2647 711 2712 agrorumque
744 2630 860 2694 alumni
894 2632 975 2706 sunt,
1009 2631 1062 2693 sed

115 2755 164 2799 am
198 2736 283 2817 pueri
317 2737 380 2798 sire
415 2736 502 2800 liberi
531 2736 594 2799 sive
617 2737 696 2800 servi
718 2737 797 2801 neris
819 2737 935 2800 alumni
957 2737 1062 2818 appel·

114 2862 128 2908 ·.
172 2841 279 2905 Raris
301 2841 436 2918 clamat,
461 2843 797 2931 slmissisambagibus
808 2843 1061 2925 significationem

114 2968 171 3012 urn
196 2949 366 3030 quaerimus,
403 2951 475 3012 sunt
507 2949 614 3013 incolae
636 2951 725 3024 ruris,
760 2951 912 3031 agricolae.
970 2952 1063 3014 Poeta

113 3055 197 3119 licit:
231 3074 311 3119 nunc
345 3054 502 3136 squalidus
532 3055 630 3119 fossor
645 3055 796 3130 ‚oluscula
833 3056 962 3133 fastidit,
997 3075 1064 3136 quae

113 3181 125 3226 s
147 3162 179 3224 in
201 3181 292 3244 parvo
315 3163 402 3225 horto
423 3162 489 3244 ipse
512 3162 613 3243 legere
637 3163 767 3238 solebat;
791 3163 863 3226 olim
887 3163 944 3226 viri
957 3182 1064 3226 consu·

116 3270 147 3332 et
171 3268 220 3348 qui
245 3268 436 3341 dictaturam,
451 3273 611 3351 gesserant
632 3270 670 3332 ab
692 3287 781 3352 opere
805 3271 918 3351 agresti
942 3272 979 3334 ad
995 3289 1065 3352 epu·

113 3375 217 3456 ogales
234 3374 307 3438 lacto
324 3375 538 3449 animoibant3
562 3376 698 3457 supellex
709 3380 744 3440 ut
755 3376 840 3440 cibus
852 3377 978 3458 simplex
991 3381 1065 3452 erat,

112 3481 197 3544 nulla
219 3480 371 3544 testudine
394 3483 500 3558 ornati,
535 3483 617 3548 frons
652 3501 731 3547 aerea
764 3483 823 3547 vile
857 3487 949 3565 caput
978 3484 1067 3548 aselli

112 3587 201 3661 lebat,
237 3590 269 3649 et
302 3589 338 3650 ad
371 3588 430 3651 boc
463 3590 597 3654 convivae
629 3591 721 3672 (nnis
743 3589 871 3669 alumni)
901 3591 940 3653 ad
961 3590 1065 3671 epulas

130 3694 178 3756 die
210 3694 424 3760 convenientes
456 3695 520 3758 laeti
543 3715 704 3777 puerorum
728 3715 810 3762 more
833 3697 986 3760 ludebant.
1030 3697 1067 3760 In

112 3800 203 3881 igitur
236 3819 326 3864 versu
360 3820 481 3865 summa
502 3803 597 3866 totius
620 3803 830 3884 descriptionis
853 3803 902 3867 vel
923 3803 1067 3884 imaginis

111 3911 182 3970 rest:
218 3926 401 3990 quamquam
436 3909 571 3989 supellex
595 3909 665 3973 vilis
688 3913 720 3972 et
742 3911 826 3973 cibus
849 3909 977 3991 simplex
1000 3912 1068 3972 tum

115 4013 196 4077 ruris
219 4015 333 4078 alumni
354 4015 428 4080 laeto
452 4015 557 4083 animo
581 4016 691 4102 epulas
712 4017 927 4084 celebrabant.

315 4121 320 4130 '
893 4121 912 4174 'l
