2566 4404
355 230 397 282 De
417 210 568 298 particulis
589 230 768 299 copulatiris.
1021 236 1082 301 105

130 434 296 498 ealliditate
319 433 410 498 variis
432 434 560 498 duorum
583 453 725 498 versuum
747 435 821 498 locis
843 434 888 498 ita
908 435 1080 501 interserta

145 545 182 605 ut
214 559 252 604 ne
284 541 448 623 vestigium
482 541 606 622 quidem
639 540 865 622 interpolatoris
899 548 1079 620 remaneret,

130 647 348 730 ejudicantur,
382 649 435 711 sed
468 647 537 710 hoc·
552 646 704 728 judicium
738 648 813 712 duas
836 649 1025 731 conjecturas
1046 650 1079 713 in

140 754 226 836 ponit
240 756 272 818 et
281 755 419 817 omnium
431 753 566 817 codicum
580 754 793 818 auctoritatem
805 754 924 819 evertit.
971 755 1078 836 Verba,

130 862 196 923 runt
222 859 314 924 modo
336 860 397 924 sub
420 859 521 924 lodice
544 859 668 924 relictis
688 859 797 926 Uteris
812 862 850 925 in
873 862 978 936 turba,
1002 864 1080 944 quod

129 985 164 1030 us
186 966 344 1043 intellexit,
367 985 387 1030 a
406 967 646 1049 precedentibus
661 967 765 1031 divelli
776 987 836 1032 non
849 973 984 1049 possunt,
1007 987 1079 1033 nam

129 1091 157 1135 m
177 1072 285 1138 Uteris
307 1073 345 1137 de
367 1073 528 1138 concubitu
550 1074 686 1154 positum
707 1093 783 1149 esse,
806 1093 874 1157 quae
898 1074 1081 1157 significatio

129 1178 209 1243 rerbo
221 1180 324 1245 crebro
336 1179 506 1262 subjicitur,
530 1199 628 1255 voces,
651 1183 910 1264 quaeseqnuntur,
933 1184 1009 1246 satis
1027 1182 1081 1247 de·

128 1289 214 1357 nant,
236 1286 488 1352 ettiraecaverba
507 1290 732 1372 Ζωὴκαὶψυχῆ,
756 1307 823 1371 quae
835 1288 930 1353 nobili
942 1288 1081 1354 Corinthi

128 1411 155 1456 ae
177 1392 265 1457 baidi
286 1393 502 1471 attriburmtur,
535 1395 566 1457 in
589 1395 752 1458 concubitu
774 1394 1003 1461 adhibebantur.
1048 1394 1081 1459 Si

126 1518 156 1562 m
186 1499 433 1582 interrogationis
465 1503 534 1582 post
562 1499 671 1565 Graeca
704 1502 794 1566 verba
826 1503 957 1584 ponitur,
992 1507 1082 1584 poeta

127 1625 147 1668 e
170 1623 274 1669 eorum
292 1606 491 1671 dicendorum
514 1607 701 1673 occasionem
725 1609 790 1672 dari
811 1612 912 1692 negat,
936 1609 989 1674 sed
1012 1609 1083 1673 huic

126 1711 214 1776 ttioni
253 1713 357 1788 verba,
398 1733 465 1796 quae
503 1717 689 1796 sequuntur,
733 1718 911 1797 repugnant.
977 1716 1080 1778 luter-

125 1821 231 1884 endum
253 1819 350 1902 igitur
371 1825 435 1883 est:
468 1821 601 1901 Quoties
622 1820 780 1885 tuscanum
801 1822 977 1886 intemerati
997 1820 1084 1884 illud

125 1928 173 1986 καὶ
194 1928 280 2010 ψυχή.
309 1925 401 1990 modo
424 1927 484 1990 sub
507 1926 609 1991 lodice
629 1927 755 1991 relictis
776 1947 846 2009 sqq.
869 1933 901 1993 et
922 1928 1083 1994 Juvenalis

124 2032 250 2096 rioribus
264 2033 374 2105 verbis,
397 2053 457 2116 qna
468 2035 622 2099 occasione
635 2035 741 2099 Graeca
753 2035 844 2098 verba
855 2035 1081 2109 intervenerint,

123 2139 164 2202 rit.
209 2139 243 2201 ln
266 2139 366 2204 verbis
387 2159 459 2204 vero
482 2141 658 2204 enarrandis
682 2160 801 2204 summa
814 2140 981 2206 difficultas
991 2141 1082 2217 inest,

122 2245 276 2310 einrichius
299 2265 387 2311 voces
409 2249 512 2311 uteris
534 2247 658 2311 relictis
680 2268 752 2311 cum·
773 2248 896 2312 vocibus
918 2249 1022 2311 uteris
1043 2248 1082 2310 ia

121 2373 131 2415 r
154 2371 214 2416 non
236 2353 406 2433 convenire,
430 2356 580 2436 verbaque
603 2355 662 2418 sud
685 2354 788 2418 lodice
809 2356 913 2418 uteris
934 2354 1083 2418 deturba

120 2460 158 2522 to‘s
180 2476 240 2522 non
261 2459 393 2541 intelligi
405 2479 502 2542 posse,
524 2464 606 2524 recte
619 2463 811 2526 admonuisse
823 2462 949 2542 ridetur,
974 2464 1082 2542 quam-

119 2565 216 2629 nhoc
239 2566 266 2629 ei
288 2568 496 2644 concedamus,
518 2567 564 2631 ita
585 2572 696 2639 tamen,
727 2574 763 2630 ut
795 2569 832 2632 ad
866 2570 932 2632 eius
966 2568 1081 2648 opinio·

149 2671 240 2735 verba
273 2695 310 2739 ea
343 2677 380 2740 de
414 2692 521 2740 caussa
544 2677 687 2755 tanquam
712 2675 814 2756 spuria
837 2675 983 2758 ejicienda
1006 2694 1082 2751 esse,

118 2797 170 2840 um
193 2778 381 2842 accedamus.
437 2779 504 2843 Hoc
536 2780 617 2843 enim
646 2782 721 2846 satis
744 2785 877 2864 apparet,
903 2799 962 2845 non
983 2781 1081 2845 cerba

117 2888 158 2960 tc,
178 2886 257 2966 quod
281 2886 445 2967 Rupertius
468 2891 499 2950 et
520 2888 703 2952 recentiores
726 2889 840 2967 volunt,
864 2889 917 2952 sed
937 2888 1083 2952 homiues

117 2995 164 3054 tos
187 2992 400 3073 intelligendos
424 3011 499 3068 esse,
522 2994 689 3057 sedanam
712 2994 813 3075 aliquo
836 2995 867 3058 in
891 2994 980 3058 turba
993 3013 1080 3058 usam

144 3102 234 3178 poeta
255 3099 302 3161 vir
326 3098 412 3174 dixit,
446 3104 477 3165 et
506 3101 558 3181 qui
581 3105 653 3166 sunt
674 3100 813 3164 homines
835 3101 896 3165 sub
920 3100 1023 3165 lodice
1044 3101 1082 3164 in
1111 3134 1114 3141 ·

115 3203 285 3268 credisti?
327 3204 435 3286 Neque
470 3208 536 3270 baec
569 3207 659 3270 verba
692 3207 807 3271 exitum
835 3208 959 3271 babent.
1014 3208 1082 3272 Una

115 3333 156 3376 rm
180 3311 238 3374 loci
261 3311 419 3374 enarrandi
441 3312 491 3376 via
511 3314 627 3377 restare
650 3315 779 3389 videtur,
814 3334 915 3396 quam,
938 3316 1008 3396 quia
1033 3333 1081 3378 ar-

114 3418 191 3482 entis
214 3417 289 3481 satis
310 3418 427 3482 idoneis
449 3437 516 3483 eam
539 3420 659 3483 firmare
673 3440 799 3503 nequeo,
823 3421 955 3486 aliorum
964 3421 1081 3503 judicio

115 3525 197 3590 ciam
218 3525 319 3605 potius
342 3543 431 3605 quam
455 3525 624 3590 defendam.
680 3528 777 3591 Voces
807 3529 844 3591 iro
872 3529 978 3606 turba,
1013 3548 1081 3611 quae

113 3632 219 3696 entiam
242 3631 427 3711 perturbent,
451 3652 519 3696 cunr
543 3633 795 3715 subsequentibus
817 3652 879 3700 non
901 3655 971 3700 cum
993 3656 1083 3718 supe·

112 3740 164 3803 bus
182 3737 340 3820 jungenda
362 3756 428 3802 esse
451 3740 540 3802 credo
563 3743 595 3804 et
616 3741 823 3808 scribendum:
1001 3731 1005 3740 ’

346 3846 477 3925 Quoties
500 3845 658 3910 lascivum
679 3847 853 3911 intervenit
874 3848 961 3913 titud

119 3956 187 4036 Ζωὴ
210 3954 257 4011 καὶ
278 3954 366 4036 ψυχή,
390 3953 481 4015 modo
504 3953 564 4016 aud
587 3952 689 4018 lodice
710 3952 834 4018 reddetis

120 4056 236 4122 Uteris
279 4058 325 4124 In
347 4060 448 4125 turba
472 4062 561 4146 quod
585 4064 676 4130 euim
699 4084 771 4131 nort
793 4063 915 4130 cacdtet
935 4063 1066 4140 tequea
