2566 4404
348 215 388 266 De
407 213 560 281 particulis
580 213 759 280 copulatius.
1039 215 1081 280 93

115 437 152 481 so
174 417 349 481 excanduit
371 419 401 480 ei
422 436 457 480 se
478 434 669 479 concussere
692 417 801 491 ambae,
825 436 1011 498 quamquam
1032 416 1081 480 in-

115 527 174 589 tior
196 529 252 606 est,
287 543 305 587 a
326 524 487 589 Juvenalis
518 523 662 605 loquendi
694 543 751 588 usu
780 541 838 587 non
862 525 907 588 ita
928 525 1081 597 abhorret,

116 635 207 696 setam
229 631 274 695 sic
285 649 344 695 non
359 630 514 712 scripsisse
526 647 580 710 pro
592 634 673 693 certo
685 629 830 693 affirmari
843 630 948 712 possit,
972 650 1080 694 verum

116 757 193 803 rnen
216 738 487 802 demonstrativum
512 755 565 818 pro
581 736 701 801 nornine
713 736 846 818 positum
860 737 1081 801 dubitationem

117 849 140 925 t,
174 849 206 910 et
240 845 397 926 utriusque
432 843 515 907 verbi
549 830 645 907 notio‘
666 844 810 926 (erubuit
838 850 869 909 et
891 843 1080 914 ceconomo

116 952 199 1017 ‚sario
221 953 258 1016 ad
281 954 443 1033 utramque
467 953 637 1014 matronam
668 952 826 1015 reserenda
854 955 914 1017 est:
950 955 1081 1033 utraque

116 1061 153 1124 rit
174 1064 205 1123 et
227 1060 388 1124 excanduit
410 1059 540 1140 repulsa,
570 1060 606 1120 ut
628 1059 755 1138 utraque
779 1077 811 1121 se
834 1059 987 1123 concussit
1014 1064 1081 1135 (nos
1128 1049 1133 1057 ’
1175 1140 1176 1145 ¹

116 1186 174 1230 rus:
212 1168 292 1230 satte
331 1167 380 1246 sig
402 1165 597 1248 ojebliklrelig
618 1167 630 1228 i
652 1165 851 1248 Bevaegelee)‚
884 1165 1080 1248 quamobrem

116 1272 208 1336 rerba
230 1272 333 1336 divelli
355 1292 416 1337 non
439 1273 557 1338 debent.
602 1272 635 1335 Si
646 1291 809 1354 pronomen
821 1273 888 1336 boec
899 1273 1080 1345 omittimus,

117 1398 172 1444 ura
192 1380 352 1463 perspicua
373 1381 429 1456 est,
453 1380 684 1462 namparticula
702 1380 873 1462 copulativa
895 1401 963 1444 curn
987 1398 1081 1462 nega·

120 1536 136 1573 ,t
163 1507 231 1568 quae
264 1488 303 1551 ad
336 1505 441 1550 vocem
474 1485 584 1548 minue
617 1488 750 1569 proxime
780 1489 920 1569 pertinet,
953 1487 1080 1551 coaluit:

115 1595 160 1657 aii
178 1593 311 1676 repulso
329 1613 385 1658 cen
397 1591 551 1665 fastidito
563 1613 620 1657 nec
631 1594 828 1659 Stheneboea
850 1596 960 1658 micas
983 1614 1081 1674 quoru

114 1721 154 1765 eo
177 1701 353 1766 excanduit
374 1731 416 1754 =
440 1699 637 1765 Stheneboea
670 1702 805 1783 repulso
839 1723 894 1767 oea
919 1701 1081 1785 fastidita

115 1810 162 1872 nit
184 1812 214 1872 et
236 1809 412 1872 excanduit
428 1827 495 1872 uon
506 1809 617 1872 minus
628 1829 727 1890 quone
743 1808 872 1887 Cressa,
896 1814 1081 1889 ciciraque

115 1917 287 1992 consociet
298 1916 422 1979 nomina
437 1918 643 1979 matronarum
658 1917 847 1997 repulsarum
859 1919 963 1982 eodem
977 1917 1081 1980 ordine

115 2024 171 2086 vin'
192 2023 249 2101 illi,
271 2023 325 2104 qui
346 2042 479 2087 amorem
504 2041 607 2086 earum
630 2023 870 2104 repudiaverunt,
905 2025 1081 2088 efferuntur.

115 2152 126 2194 r
149 2131 215 2195 loco
233 2130 299 2217 jam
322 2132 476 2194 enarrate:
500 2131 569 2194 Nec
591 2130 741 2194 carendo
762 2132 845 2195 eicie
940 2131 1081 2212 cosiipai

115 2241 185 2314 455)
213 2235 363 2319 particula
391 2257 449 2301 uec
471 2237 565 2301 simili
588 2239 677 2301 modo
697 2237 798 2319 posita
821 2256 943 2303 versum
965 2238 1080 2319 incipit

115 2365 156 2409 :oc
182 2345 249 2408 loco
282 2346 408 2407 eandem
441 2345 545 2408 sedem
575 2347 668 2424 tenet,
703 2348 733 2408 et
765 2348 896 2426 poetam,
930 2347 981 2410 ubi
1014 2345 1082 2409 voci

115 2453 127 2515 i
158 2451 388 2516 insolentiorem
420 2451 674 2532 significationem
691 2521 693 2525 ,
711 2453 757 2515 vel
796 2452 981 2535 singularem
1018 2453 1080 2515 um

127 2558 208 2623 velit.
231 2559 288 2622 boc
313 2578 417 2622 versus
439 2557 504 2622 loco
518 2575 584 2622 eam
598 2559 764 2640 designare.
785 2559 851 2641 jam
864 2577 1082 2623 commemora-

115 2686 142 2737 s.
186 2665 277 2747 Apud
300 2665 483 2730 iuvenalem
505 2677 541 2728 ut
563 2667 642 2747 apud
664 2668 780 2729 ceteros
803 2670 918 2747 poetas,
951 2667 1003 2730 nbi
1027 2668 1082 2729 aut

115 2791 172 2836 ura
195 2771 297 2854 paullo
318 2771 503 2853 implicatior
525 2774 581 2843 est,
602 2773 656 2835 aut
678 2772 849 2854 subjectum
873 2774 978 2837 deesse
1001 2772 1080 2837 vide-

125 2882 180 2943 aut
207 2879 324 2962 syllaba
347 2879 446 2943 brevis
468 2878 650 2942 insolentius
672 2880 858 2960 producitur,
893 2883 946 2944 aut
978 2880 1081 2944 hiatus

115 2987 193 3067 titur,
227 2986 343 3049 librarii
377 2986 550 3065 huiusmodi
584 2986 658 3050 locis
692 3005 727 3050 eo
761 2988 850 3051 modo
877 2987 991 3050 mederi
1014 2986 1081 3068 ple·

114 3112 159 3175 [ue
182 3092 283 3158 conati
317 3095 398 3169 sunt,
431 3095 467 3156 ut
496 3111 660 3174 pronomen
689 3093 737 3155 rel
760 3094 940 3175 particulam
962 3093 1011 3157 vel
1034 3097 1081 3156 eei

114 3203 257 3264 sererent.
281 3202 452 3263 Pronomen
475 3200 749 3262 demonstrativum
771 3200 823 3264 bio
844 3201 875 3263 in
897 3219 1007 3281 magna
1030 3219 1082 3264 co-

114 3311 242 3389 nparte
274 3308 306 3370 in
336 3307 438 3371 satirae
469 3310 583 3387 quartae
606 3326 633 3371 v.
658 3310 698 3373 78
729 3306 884 3371 subditum
919 3326 984 3370 esse
1013 3307 1081 3390 jam

114 3434 172 3488 rus,
195 3414 307 3495 etloci
331 3413 482 3494 inquibus
505 3417 535 3477 ei
548 3415 595 3477 vel
608 3418 655 3478 est
666 3413 817 3478 insertum
828 3414 957 3478 inveniri
969 3417 1080 3496 potest,

117 3522 209 3585 multi
232 3523 312 3596 sunt,
336 3526 371 3584 nt
394 3521 525 3584 duorum
545 3522 682 3584 codicum
704 3520 827 3584 collatio
843 3521 918 3584 satis
930 3540 1080 3603 superque

113 3629 237 3710 plorum
259 3628 401 3710 prebeat.
434 3627 501 3691 Hoc
522 3628 597 3707 loco,
621 3647 679 3708 quo
702 3632 734 3692 et
756 3627 927 3710 subjectum
951 3629 1080 3692 dirorum

113 3755 190 3798 rrum
214 3754 374 3799 commune
397 3738 444 3810 (ut
466 3735 576 3816 saepius
598 3735 678 3815 apud
695 3735 888 3810 iuvenalem)
910 3736 990 3798 inter
1011 3755 1081 3817 par-

113 3861 159 3905 im
192 3842 397 3923 copulativam
425 3849 457 3904 et
479 3840 608 3904 alterum
632 3842 756 3905 verbum
787 3841 999 3927 interpositum
1024 3846 1080 3921 est,

113 3952 175 4013 seta
197 3948 323 4013 alteram
347 3948 504 4030 particulae
523 3968 634 4029 nempe
656 3949 807 4032 syllabam
829 3948 864 4012 iu
880 3966 1085 4027 camuraprs-
1169 3983 1174 3993 i

107 4077 120 4134 r,
146 4063 179 4118 eo
192 4057 334 4134 junctura
352 4056 514 4122 verborum
530 4056 724 4144 implicatior
739 4061 800 4137 est„
821 4051 1121 4124 tresiutsrssrcub'x
