2566 4404
458 191 501 244 De
521 190 625 259 ellipsi.
1003 199 1059 261 111

117 391 164 467 rit,
187 392 241 455 sed
262 393 413 458 duriorem
435 395 575 474 loquendi
591 395 721 459 formam
734 396 866 473 exhibet,
889 415 980 478 quem
993 415 1060 477 quae

117 497 285 563 iuvenalem
298 519 426 582 usquam
441 505 554 564 exstet:
568 520 697 582 poenas
711 507 836 578 metuet,
849 523 1060 585 quascunque

117 605 226 669 iIrote'
237 606 379 683 dehetse.
402 611 546 685 metuere,
569 613 676 685 etvox,
696 629 764 692 quae
778 621 825 675 est
837 630 1058 692 quascunque,

117 712 234 798 implex
256 734 422 799 pronomen
445 715 607 781 relativum
627 718 799 798 ponendum
823 722 899 794 eret,
922 717 1058 782 offendit.

117 821 212 884 cociti
232 822 375 904 genetivo
397 842 469 887 casu
491 826 574 888 certe
595 825 693 906 positu
716 828 773 904 est,
803 829 835 888 et
856 842 940 889 more
961 825 1057 889 Juve-

120 928 345 993 substantivum
365 937 518 1009 (poenas)
541 932 573 995 in
595 951 710 996 eaesurs
731 932 864 1017 ponitur,
894 932 1057 1014 genetivus

117 1054 133 1098 n
164 1035 287 1113 claudit,
321 1039 516 1118 quamohrem
546 1039 660 1121 aliquid
684 1042 766 1102 certe
789 1040 820 1102 in
843 1038 943 1101 verbis
966 1038 1056 1112 inest,

117 1143 293 1226 seripturem
315 1163 350 1208 ex
367 1144 657 1226 judicioproiectem
670 1147 863 1226 esseprodnt
908 1144 1055 1229 Inscrip-

117 1267 176 1329 1uae
200 1253 247 1313 ost
275 1269 485 1332 quoscunque
506 1253 850 1318 moritiIrotidehent
871 1271 912 1316 so.
925 1251 1054 1334 exigere,

117 1373 142 1431 n,
165 1357 245 1437 quod
266 1361 317 1421 est*
336 1357 456 1438 dehent,
480 1361 551 1441 quie
572 1361 649 1424 nihil
671 1379 787 1424 csussae
810 1362 866 1437 est,
889 1378 943 1423 eur
963 1362 1053 1440 poeto

118 1463 248 1527 soffioii
269 1461 373 1546 poenos
396 1468 549 1531 sumendae
572 1470 728 1549 tamquam
751 1469 882 1542 moneat,
905 1466 985 1528 mele
1007 1465 1053 1527 di-

136 1587 233 1651 neque
261 1571 432 1637 Heinrichii
464 1575 636 1656 conjectura
675 1592 888 1654 quoscunque
920 1571 1054 1635 moritis

133 1675 223 1741 dehet
244 1677 360 1742 felicior·
382 1684 442 1752 est3
470 1681 593 1763 juvenis
616 1681 697 1744 eninr
719 1682 750 1744 in
772 1680 922 1744 adulterio
945 1679 1052 1758 depre-

115 1811 118 1842 ÷
151 1784 261 1848 marito
293 1804 404 1867 poenos
436 1788 526 1852 dehet
559 1789 611 1852 ille
644 1789 765 1868 quidem
799 1787 850 1851 sed
881 1805 940 1850 non
963 1802 1052 1866 ques·

115 1908 123 1951 r
144 1909 267 1973 poenas,
290 1911 442 1975 quumque
464 1899 553 1977 poete
568 1897 660 1958 uerba
679 1896 785 1959 addat:
808 1892 926 1974 Eciqit
944 1894 1052 1955 autem

115 1995 174 2060 hcm
201 1998 257 2063 ille
281 1999 373 2064 dolor
394 2000 484 2080 plus,
518 2022 617 2082 quom
649 2001 701 2067 lec
733 2001 898 2076 concessit,
928 1997 1052 2082 juvenis

142 2104 211 2186 lege
232 2113 291 2171 hon
315 2126 472 2172 concessas
495 2109 613 2172 meritis
635 2109 742 2172 dobere
765 2108 887 2171 dieitur.
943 2107 1052 2169 Restat

115 2229 162 2288 rs,
185 2226 276 2292 quarn
298 2214 463 2296 Rupertius
485 2217 639 2296 amplexus
662 2218 724 2279 est:
748 2233 960 2296 quoscunque
983 2232 1050 2275 mo-

114 2319 226 2402 'cciyere
246 2322 337 2399 croti,
360 2324 392 2385 in
414 2342 483 2404 que,
506 2323 594 2386 utin
616 2323 764 2405 scripture
787 2321 907 2386 codicis
922 2321 1049 2384 Pithoe-

114 2428 169 2491 etis
202 2431 304 2510 gravis
337 2448 445 2494 caussa
472 2431 578 2506 inerat,
613 2449 666 2494 our
701 2429 815 2492 librarii
844 2429 877 2491 in
898 2428 1048 2492 infinitivo

114 2552 153 2598 :es
173 2535 274 2600 locum
296 2538 456 2601 emendare
478 2540 665 2601 conarentur.
720 2538 756 2600 In
790 2536 939 2616 scriptura
968 2553 1048 2608 vero,

113 2642 145 2704 in
168 2646 257 2707 textu.
274 2645 385 2725 posuit,
409 2645 597 2708 defendenda
608 2643 772 2724 Rupertius
784 2643 888 2707 infelix
912 2645 967 2716 eet,
991 2643 1048 2706 hoo

114 2749 193 2813 licit:
225 2751 346 2814 »mariti
368 2752 486 2833 exigere
507 2752 577 2815 irati
600 2753 630 2814 h.
655 2770 681 2814 e.
704 2750 831 2833 exigunt
854 2750 903 2813 vel
925 2751 1047 2830 exigere

114 2857 127 2919 t
160 2860 214 2921 sut
246 2858 354 2935 solent,
388 2858 447 2922 nisi
479 2857 581 2939 potius
603 2858 680 2940 leg.:
714 2875 909 2940 quascunque
944 2855 1047 2919 meriti
1144 2940 1146 2945 Ι

113 2964 189 3028 rire
211 2966 242 3028 h.
255 2983 281 3028 e.
305 2983 387 3049 saepe
410 2969 573 3047 exegerunt
584 2965 634 3028 vel
645 2965 790 3046 ἀοράττως
801 2964 922 3045 exigere
935 2963 1045 3026 solent.

131 3070 159 3133 h.
186 3073 207 3134 l.
231 3075 279 3136 est
300 3075 430 3135 varietas
452 3071 601 3147 lectionis,
624 3090 692 3153 qnae
715 3071 907 3136 librariorum
927 3069 1046 3152 stupori

113 3197 152 3240 n«
200 3179 390 3243 Infinitivum
411 3198 464 3260 pro
487 3177 663 3259 imperfecto
684 3180 774 3258 poeta
796 3197 833 3240 ne
848 3179 879 3239 in
893 3176 1046 3240 sententis

113 3285 140 3349 ie
151 3287 272 3368 quidem
285 3305 414 3369 usquam
425 3286 535 3369 posuit,
558 3286 762 3368 quamohrem,
785 3285 811 3348 si
824 3284 889 3347 eius
900 3282 1045 3364 loquendi

113 3396 280 3473 enemus,et
292 3390 958 3473 verbequcscuoqoemorc‘tc'Eciqeree‘rctc'
971 3389 1044 3453 relo-

112 3501 243 3563 ntentiae
259 3502 324 3565 vieo
342 3501 518 3583 funguntur,
543 3500 632 3563 ruodo
642 3500 771 3563 unalosi
784 3497 951 3579 explicandi
967 3496 1045 3561 ratio

137 3606 263 3684 Quoties
276 3607 358 3672 enim
368 3609 449 3688 apud
460 3608 482 3672 J
483 3607 642 3670 uuenalem
654 3607 777 3670 verbum
791 3607 950 3669 sententies
965 3607 1045 3670 rele-

112 3714 349 3791 tomissumest
371 3714 556 3788 uteanotio,
579 3733 646 3795 quse
667 3713 864 3790 desideretur,
887 3731 985 3794 neque
1009 3732 1043 3776 ex

111 3821 199 3885 uerbis
222 3839 319 3902 neque
342 3839 377 3883 ex
399 3818 581 3884 coherentia
603 3819 750 3883 sermonis
773 3819 862 3882 facile
885 3823 919 3882 et
942 3807 1041 3883 meni-

111 3929 221 3997 luoeat
244 3929 298 3989 aut
320 3929 417 3991 forma
439 3927 541 4009 eliqua
562 3927 752 3991 verbisuhst.
776 3926 888 3990 omissa
904 3930 964 4002 est,
988 3930 1042 3990 aut

109 4055 127 4098 θ
148 4037 217 4115 epte
242 4035 296 4108 est,
324 4033 405 4098 cerhi
426 4035 511 4101 notio
536 4054 570 4101 ex
593 4035 690 4103 uerho
711 4035 882 4101 sententis
901 4033 1068 4115 srhrnsr'xs.
