2566 4404
351 209 401 276 ,De
420 208 568 276 particulis
587 208 767 276 copulatiris.
1019 211 1080 278 103

130 413 246 495 jungit,
277 415 308 476 et
330 410 481 474 ablativus
503 410 624 474 defendi
645 413 756 491 potest,
790 410 941 477 duriorem
975 424 1079 477 tamen

129 537 213 583 uram
249 517 372 582 exhibet
404 535 501 600 neque
534 517 724 582 cohaerentiae
747 519 895 582 sermonis
917 518 1077 584 satisfacit.

129 628 139 689 t
161 625 252 690 tertia
274 623 375 699 lectio,
412 642 502 705 quam
536 628 598 688 tres
621 623 810 688 celeberrimi
832 625 992 689 luvenalis
1016 626 1076 690 edi·

129 733 363 815 amplectuutur:
378 729 567 812 'inequales
582 729 704 812 beryllo
730 729 825 795 Virro
839 731 1078 812 teuetplu'oloa,

128 839 211 902 rerba
233 838 323 902 facile
346 843 532 912 enarrantur,
556 838 609 901 sed
632 856 700 902 uera
719 837 870 920 scriptura
881 838 912 902 in
924 839 1077 904 codicibus

128 945 208 1009 lubio
240 945 330 1016 inest
363 945 414 1026 qui
447 943 627 1025 inaequales
650 944 790 1026 beryllos
812 945 933 1022 habant,
967 965 1076 1027 quam·

128 1073 143 1126 r,
181 1051 207 1115 si
229 1051 293 1115 ullo
316 1052 403 1115 modo
425 1051 491 1115 fiori
521 1054 631 1132 potest,
664 1069 701 1115 ea
723 1053 853 1116 tenenda
875 1055 931 1117 ost.
977 1053 1079 1131 Quium

127 1177 147 1222 rs
170 1157 281 1242 optimi
303 1158 741 1235 inhisroeibusoonsentiaut,
765 1159 818 1222 alii
829 1162 934 1224 autem
938 1160 1078 1241 platalea

127 1264 231 1328 atriolo
263 1264 404 1338 habeant,
441 1265 472 1327 in
502 1266 559 1329 hac
592 1282 665 1329 voce
697 1266 843 1329 mendum
877 1267 972 1332 latere
994 1275 1076 1350 puto,

127 1389 182 1452 que
215 1371 450 1446 substantivum,
483 1372 563 1452 quod
596 1377 644 1437 est
672 1390 791 1435 aurum
814 1373 886 1445 (tibi
907 1394 974 1438 uon
997 1395 1077 1439 cona

126 1481 174 1540 tur
196 1480 340 1560 curum),
378 1496 431 1558 pro
454 1477 561 1559 poculo
584 1495 675 1541 aureo
697 1479 763 1542 siue
784 1478 848 1543 ullo
869 1481 1077 1549 additamento

127 1604 161 1648 m
184 1604 201 1647 a
224 1584 384 1649 luvenalis
406 1583 549 1664 loquendi
583 1604 641 1649 usu
662 1585 797 1649 alienum
821 1585 871 1664 sit,
895 1588 966 1669 quia
986 1593 1077 1671 poeta

126 1691 296 1774 rljectivum,
320 1708 380 1772 quo
402 1689 583 1755 substantivi
609 1691 766 1754 materiam
779 1692 980 1775 significantis
992 1696 1077 1761 notio

126 1817 140 1862 s
163 1798 308 1862 definitur
330 1797 395 1874 (VI,
425 1800 489 1862 588
511 1795 663 1878 Louquuu
685 1790 928 1882 ouruualongus
955 1804 1077 1884 torques

125 1925 153 1975 s:
186 1905 224 1981 X,
258 1907 297 1970 27
331 1903 455 1967 Lotum
490 1905 718 1968 corcmlatum
754 1906 896 1984 poculum
925 1911 1075 1994 aureum),

125 2011 280 2076 curativum
301 2012 355 2089 rei,
389 2030 457 2093 quae
480 2029 515 2073 ex
537 2010 666 2074 matoria
688 2011 796 2074 effecta
824 2016 879 2087 est,
912 2013 968 2078 tali
1002 2016 1074 2080 sub·

126 2137 162 2183 ro
185 2118 348 2200 adjungere
371 2116 457 2192 solet,
482 2136 550 2181 eum
574 2117 617 2180 sic
640 2117 801 2201 scripsisse
823 2121 911 2200 puto:

540 2268 617 2349 Ipse
640 2288 775 2349 capaces

124 2376 249 2440 ltodum
272 2379 401 2440 crustas
423 2379 454 2439 et
474 2375 656 2456 tuaequoles
679 2375 818 2457 beryllos

123 2504 171 2547 rro
196 2487 299 2562 teuet;
315 2482 442 2564 platalea
464 2484 524 2548 ttbt
545 2503 612 2547 uou
634 2484 846 2547 committitur
868 2505 996 2584 aurum,

122 2653 219 2726 tuum,
242 2653 293 2734 qui
315 2654 354 2716 ad
377 2653 604 2716 substantivum
626 2671 746 2717 versum
767 2653 910 2718 claudens
932 2657 1075 2736 pertinet,

121 2740 298 2825 luvenalem
309 2758 341 2822 in
354 2778 467 2823 caesura
481 2760 654 2840 frequenter
668 2760 751 2845 poni,
773 2762 840 2843 jam
852 2762 1075 2829 demonstravi-

127 2869 158 2928 et
181 2885 251 2930 eum
274 2865 311 2930 ob
332 2866 533 2947 praecedentia
556 2867 647 2930 verba
665 2865 761 2932 Vtrro
774 2870 859 2932 teuet
876 2868 907 2932 in
924 2875 1076 2937 aecusati-

121 2975 271 3036 mutatum
295 2991 370 3049 esse,
394 2973 559 3057 verisimile
581 2974 711 3042 videtur.

121 3079 213 3143 inum
236 3081 337 3143 locum
359 3078 551 3162 subjungam.
607 3081 644 3144 ln
666 3081 760 3146 satira
782 3085 874 3158 serta,
909 3082 962 3146 ubi
984 3085 1075 3165 poeta

144 3185 337 3250 libidinosam
369 3185 542 3250 describens
570 3206 680 3271 param
713 3189 860 3253 honestas
887 3207 936 3252 res
966 3207 1076 3271 pamm

120 3293 162 3357 tis
179 3292 277 3357 verbis
290 3297 516 3371 commemorat,
540 3312 630 3376 quem
642 3294 753 3371 loc-um,
767 3295 849 3384 uquia
861 3296 1075 3362 vexatissimus

119 3402 136 3464 t
158 3400 253 3463 oratio
270 3399 375 3463 multis
390 3400 488 3464 modis
504 3401 706 3475 distribuitur,
729 3419 913 3484 quamquam
924 3405 1076 3485 quomodo

118 3525 140 3571 re
163 3510 329 3583 enarretur,
363 3506 489 3570 dubium
522 3523 572 3571 me
595 3525 661 3571 esse
684 3507 789 3582 fateor,
819 3524 879 3572 non
901 3511 1073 3591 praeteribo,

121 3616 182 3681 190
203 3613 235 3676 hi
259 3632 363 3678 vorsus
386 3613 494 3698 scripti
517 3616 604 3677 sunt:

117 3828 296 3892 uouuubuut
322 3827 440 3892 Guaeoe.
487 3826 600 3890 Dones
623 3829 731 3891 tomeu
752 3827 820 3890 isto
835 3827 970 3908 puellis.

116 3955 164 3999 rue
186 3936 293 4011 etiam,
318 3955 417 4015 quom
438 3937 550 3997 acutus
573 3936 603 3997 et
626 3935 838 4018 ootoqesc'ucus
862 3953 973 4000 amaus

109 4040 193 4118 tuot,
216 4041 325 4105 odluo
351 4041 490 4110 Graece?
523 4043 607 4112 Nou
630 4048 680 4113 est
703 4043 759 4112 bic
783 4063 894 4112 sermo
916 4041 1066 4126 paticus
