2566 4404
113 193 156 256 80
436 186 478 238 De
498 184 650 253 particulis
670 183 848 252 copulativis.

113 391 208 454 lintea
232 395 272 470 (v.
300 389 373 470 168)
396 390 468 453 sunt
482 387 549 452 vela
572 389 694 473 popinae
716 389 765 453 vel
787 389 939 474 siparium
963 390 1038 452 ante
1059 387 1153 451 ostium

112 482 236 583 popinae
259 512 454 581 suspensum,
476 495 509 558 in
530 512 589 576 qua
607 494 694 557 tituli
715 515 816 560 rernm
841 495 1002 560 venalium
1025 495 1153 580 depinga-

113 605 232 680 bantur,
266 605 298 667 at
331 604 437 667 eadem
470 602 562 666 verba
594 605 738 667 centones
771 607 842 667 anta
875 601 975 667 cellas
1003 603 1153 666 scortorum

114 729 279 798 suspensos
312 712 404 791 atque
436 708 560 772 illorum
592 709 765 774 nominibus
792 709 958 774 distinctos
986 707 1153 791 significant

113 820 146 885 Si
169 819 323 905 posterius
345 816 514 879 membrum
527 820 640 893 (carcer
662 816 986 901 msticus)participio
1007 815 1154 895 inempta

113 924 309 1013 praedicative
332 924 511 1006 adjunctum
534 942 601 987 esse
623 923 719 988 statui
747 942 808 988 non
829 926 944 1009 potest
968 923 1069 988 dicere
1088 940 1154 1007 pra·

114 1034 251 1109 tulerim,
285 1033 366 1096 hunc
398 1031 497 1094 locum
529 1031 731 1115 appositionis
763 1029 868 1114 potius
902 1048 997 1112 quam
1031 1024 1155 1112 asyndeti

114 1139 288 1226 exemplum
311 1138 446 1224 praebere
469 1138 522 1201 cf.
543 1137 611 1212 VII,
626 1141 684 1203 121
708 1137 913 1202 Antoninum
935 1137 1047 1202 Tiberi
1067 1136 1155 1200 denae

117 1243 194 1321 tom,
218 1247 362 1328 quinque
384 1244 515 1327 luperam.
525 1246 547 1322 ¹)

200 1354 287 1434 Quod
308 1355 344 1417 de
368 1351 524 1416 dissoluta
547 1352 691 1415 orationis
714 1351 813 1415 forma
827 1351 899 1428 dixi,
922 1352 1156 1435 vixquemquan

113 1465 236 1548 poetam
259 1460 373 1545 saepius
396 1478 484 1541 quam
507 1458 691 1523 iuvenalem
713 1476 747 1521 ea
779 1477 867 1522 usum
901 1477 982 1539 esso,
1015 1459 1097 1524 idem
1126 1457 1156 1522 da

113 1570 271 1654 anaphora
293 1568 352 1632 dici
374 1570 486 1652 potest,
509 1568 541 1629 et
556 1584 665 1645 caussa
682 1565 779 1630 crebri
790 1561 881 1629 huiu's
895 1565 1052 1650 jungendi
1065 1565 1157 1631 forna

111 1697 186 1741 usus
208 1676 298 1739 facila
321 1677 459 1761 apparet,
494 1691 588 1754 quum
621 1673 701 1736 enim
735 1673 893 1758 anaphora
921 1674 962 1737 ad
986 1673 1157 1739 concitatam

114 1784 283 1849 arationem
306 1781 470 1869 aptissima
492 1781 541 1857 sit,
565 1782 698 1865 poetam,
724 1779 776 1862 qui
797 1779 1004 1844 concitatione
1027 1776 1160 1863 atqueri

114 1892 259 1956 arationis
282 1888 419 1963 excellat
444 1906 512 1951 eam
534 1905 636 1951 amaro
656 1889 897 1968 ,consentaneum
920 1889 980 1951 est.
1015 1889 1159 1970 Frequan·
1198 1950 1201 1963 ,

114 1998 234 2063 tissima
256 2000 304 2062 est
327 1995 479 2080 anaphora
502 1994 727 2079 pronominum,
751 1993 1010 2076 conjunctionum,
1029 1997 1158 2081 partica
1198 1990 1201 2001 '

114 2104 224 2169 larum.
249 2104 343 2168 rarior
365 2101 482 2179 verbi2)
516 2101 565 2166 val
593 2101 676 2164 verbi
709 2103 798 2183 atque
827 2100 957 2184 subjecti
988 2102 1160 2183 (VI,231);

142 2377 160 2441 1)
180 2374 235 2428 Ubi
254 2374 471 2438 substantivum,
501 2373 545 2425 cui
570 2372 731 2438 appositum
760 2372 881 2437 additum
911 2356 1055 2441 adjectivo
1074 2354 1160 2443 posito

183 2460 287 2512 certius
308 2457 451 2523 definitur,
471 2455 632 2523 appositum
647 2455 722 2509 inter
732 2456 903 2523 adjectivum
920 2463 949 2511 et
960 2458 1160 2512 substantivum

181 2544 323 2612 interponi
343 2543 430 2596 solet:
458 2541 519 2608 Vll,
541 2543 589 2595 118
614 2540 718 2605 Virides,
744 2541 864 2592 scalenum
880 2541 971 2609 ylarius,
987 2543 1096 2609 plantoe3
1119 2543 1162 2599 tib

181 2630 285 2683 Veteres.
307 2630 422 2693 Afrorum
445 2628 568 2692 epimenia,
596 2625 666 2690 balbi,
686 2639 740 2690 quo
760 2625 842 2678 modo
862 2625 947 2679 etiam
968 2627 1089 2682 Ovidius
1108 2630 1160 2681 fert

183 2713 288 2778 ubique
307 2712 393 2763 verita
412 2710 568 2764 distribuit:
588 2709 653 2762 Met.
665 2709 739 2775 VIII,
749 2711 799 2765 226
821 2710 951 2778 Odormae,
966 2713 1101 2776 pinnam
1116 2713 1161 2763 ain·

181 2797 245 2862 mala,
265 2815 340 2847 ceras.
376 2796 406 2847 In
427 2801 480 2848 sat.
500 2794 566 2846 VIII
584 2810 608 2846 v.
631 2796 660 2849 51
689 2794 755 2844 Petit
772 2794 915 2859 Euphraten
925 2798 1025 2862 J'tevoaa's
1042 2797 1164 2863 &initiata

181 2883 280 2933 Bomoi
301 2880 413 2931 Custodes
440 2879 535 2944 aquilas
562 2878 724 2945 appositum
752 2879 859 2930 matodee
886 2879 1067 2934 substantivo
1096 2895 1162 2950 pra·

181 2966 301 3018 mittitur
329 2966 379 3018 cfr.
401 2963 464 3029 VII,
485 2964 534 3019 1117
564 2962 651 3013 Gallie
677 2963 715 3013 ael
739 2964 821 3027 potius
846 2964 966 3014 numia
995 2966 1163 3017 causidicum

181 3053 280 3116 Africa,
300 3050 347 3115 qui
367 3047 435 3102 ordo
455 3046 650 3112 membrorum,
676 3047 723 3099 ubi
749 3046 925 3100 substantivo
944 3048 1055 3103 nullum
1075 3049 1163 3118 adjec-

184 3137 270 3188 tivum
290 3133 422 3198 adheret,
440 3130 563 3184 usitatus
584 3137 636 3195 est,
656 3129 967 3198 quamobremVirgiiii
986 3143 1103 3200 raptores
1120 3133 1166 3200 lapi

182 3220 254 3272 male
272 3221 462 3272 conteruntur.
490 3215 589 3280 Longe
609 3214 666 3267 alia
685 3221 728 3267 est
746 3214 819 3268 ratio
838 3215 909 3269 loci:
928 3215 980 3268 Sed
996 3218 1083 3270 nidero
1099 3227 1165 3270 aare

182 3304 303 3354 intendant
320 3302 398 3352 oculos
418 3299 581 3366 (Vindia).

140 3389 161 3451 ¹)
179 3387 211 3439 111
231 3395 284 3440 sat.
303 3386 354 3438 VII
373 3402 397 3438 v.
413 3386 460 3440 50:
498 3382 564 3433 Nam
590 3385 615 3432 ai
640 3383 760 3446 decaedat,
784 3382 869 3446 laqueo
886 3392 947 3434 toret
962 3388 1090 3439 ambitiosi
1108 3389 1164 3441 cen·

181 3472 278 3521 suetudo
305 3471 378 3535 mcli3
409 3478 470 3519 tenet
488 3467 621 3518 insanabile
637 3468 722 3517 multos
741 3465 868 3518 scabendi
883 3469 1005 3521 caecubae
1023 3481 1047 3522 et
1063 3474 1166 3540 ayonis

182 3555 253 3606 corde
270 3557 377 3619 senecas,
405 3553 532 3620 graviore
552 3551 632 3619 signo
660 3553 739 3617 (post
756 3551 825 3615 meli)
852 3551 897 3603 vix
923 3559 1004 3607 recta
1024 3555 1166 3611 inciditur.

181 3639 301 3692 Primum
329 3639 401 3692 enirn
419 3636 574 3701 iuvenalis,
594 3634 669 3700 quod
693 3635 749 3688 alio
774 3635 857 3689 huius
876 3635 1082 3703 disputationis
1102 3641 1165 3695 loco

182 3724 343 3776 accuratius
362 3721 558 3785 tractabimus,
584 3733 739 3788 pronomen
757 3728 779 3768 te
797 3734 852 3772 non
871 3720 958 3787 audit,
985 3721 1092 3778 deinde
1110 3740 1166 3779 ver·

183 3807 257 3872 bum,
277 3808 352 3871 quod
380 3812 424 3858 ost
450 3804 569 3870 descedes,
588 3819 640 3870 pro
665 3802 785 3853 abcedere
801 3804 861 3855 velie
878 3804 933 3872 vel,
960 3812 992 3859 ut
1009 3806 1167 3877 Rupertiua

182 3891 249 3952 vult,
276 3891 396 3941 discedere
419 3891 517 3941 velimus
538 3907 559 3939 s.
578 3889 699 3952 cupiamus
717 3897 739 3937 et
756 3905 872 3955 conamur,
899 3888 956 3944 dici
979 3906 1037 3945 non
1057 3900 1168 3962 potem

184 3975 388 4029 substantivum
418 3974 549 4039 denique,
581 3971 656 4036 quod
684 3977 728 4025 est
749 3973 850 4040 phaace,
879 3971 964 4026 etiarn
992 3990 1059 4033 cum
1078 3978 1169 4034 altero

183 4070 243 4111 tenet
259 4059 339 4127 pungi
355 4060 447 4113 debet.
