2566 4404
395 213 437 265 De
457 213 563 280 ellipsi.
939 219 997 284 152

112 433 248 480 recusans
270 434 391 479 versum
411 415 559 496 Imponit
571 417 674 500 finem
695 418 830 498 sapies
852 421 883 482 et
903 419 1000 483 rebus

112 574 114 585 .
146 523 412 604 quomodocunque
447 527 625 605 torqueatur
652 528 683 586 et
710 527 851 604 veretur,
885 525 999 591 exitum

113 633 190 712 eget3
214 648 307 710 quum
328 631 493 711 imponere
506 630 609 714 finem
624 650 764 712 pcqnae,
786 632 870 709 vite,
894 630 1001 696 labori

111 756 143 800 m
165 740 257 818 atque
267 736 354 800 finire
374 755 517 819 pugnam.
542 737 645 813 vitem,
669 738 805 802 laborem
827 737 1000 821 significem

115 843 191 908 ebus
218 843 362 908 honestis
375 845 478 928 finem
498 845 664 924 imponere
691 845 744 924 (π
779 863 829 909 res
857 846 1001 911 honestas

115 951 217 1032 gantis
247 969 313 1014 esse
336 952 505 1025 concludit,
539 969 661 1015 versum
684 969 718 1015 ex
741 951 862 1016 Horatii
883 952 1000 1017 verbis:

115 1058 194 1120 sin
215 1057 326 1138 rebus,
348 1061 428 1122 sunt
449 1058 529 1122 certi
556 1058 695 1139 denique
715 1059 795 1138 pines
818 1060 1001 1124 emonccho

115 1165 223 1229 dbnnc
233 1165 333 1228 locum
347 1165 608 1228 accommodatum
622 1184 688 1230 esse
701 1166 857 1230 contendit
872 1183 1001 1248 eumque

130 1270 269 1352 quoniam
293 1289 398 1334 versus
421 1272 641 1353 subsequentes
659 1289 694 1335 eo
714 1273 814 1335 deleto
832 1273 1001 1336 sustentari

140 1396 200 1452 eos,
224 1376 276 1459 qni
291 1382 479 1440 suntversus
496 1380 674 1454 445-447,
697 1378 763 1442 loco
786 1383 887 1443 movet
910 1383 1002 1461 utque

117 1489 156 1551 56
178 1471 357 1564 transponit.
402 1483 516 1548 Versus
538 1487 656 1558 autem,
681 1504 740 1567 quo
762 1485 828 1550 loco
851 1486 904 1549 ille
927 1487 1003 1563 vult,

119 1609 179 1654 nou
200 1589 321 1665 debent,
345 1609 415 1654 nam
430 1591 569 1654 etdoctae
589 1590 729 1656 mulieris
751 1591 913 1674 descriptio
935 1610 1003 1656 ver-

139 1702 210 1761 sunt
238 1695 469 1761 Soleeec'smcm
497 1696 593 1761 liceat
614 1697 738 1780 fecisse
764 1699 913 1778 morito,
932 1702 1003 1780 apte

118 1807 136 1869 t
166 1804 414 1886 particularium
436 1804 508 1869 buic
540 1824 683 1869 versuum
717 1805 813 1869 ordini
846 1809 1005 1888 repugnat.

118 1911 294 1993 uispurius
312 1913 484 1994 judicetur,
518 1930 616 1994 neque
638 1913 837 1976 exterioribus
859 1911 932 1976 ullis
954 1912 1003 1976 in-

118 2018 217 2096 ditur,
251 2038 349 2101 neque
371 2036 391 2082 e
412 2019 742 2101 iuvenalisloquendi
772 2038 830 2083 usu
851 2019 1002 2097 abhorret,

118 2143 141 2188 e
170 2125 259 2189 rebus
281 2126 416 2190 honestis
439 2113 600 2201 finem‚‘id
621 2130 669 2190 est
690 2127 830 2206 modum,
863 2125 1004 2207 imponit,

119 2252 165 2295 um
186 2233 350 2297 honestum
371 2232 421 2296 vel
432 2232 659 2313 occupationem
684 2234 844 2297 honestem
866 2232 1004 2297 honestis

119 2339 218 2404 inibns
248 2338 485 2414 circumscribit,
521 2340 573 2403 sed
605 2339 822 2421 inpartitum,
856 2359 924 2421 quae
957 2340 1005 2403 est

119 2446 328 2510 iculteslutet.
362 2448 397 2509 In
421 2447 516 2511 satire
537 2450 638 2509 eutem
655 2446 772 2510 decime
794 2447 904 2511 similis
918 2446 1004 2511 locus

119 2553 164 2618 ibi
186 2553 265 2616 enim
289 2555 379 2635 poete
410 2553 554 2615 miserem
575 2553 698 2616 tremuli
728 2553 809 2618 senis
831 2553 928 2617 vitem
950 2554 1002 2617 de-

120 2681 123 2722 z
145 2679 164 2723 a
185 2681 212 2723 v.
237 2663 300 2726 203
323 2661 390 2722 heec
411 2659 585 2740 subjungit:

141 2811 251 2877 eodem
272 2813 343 2875 vini
365 2815 463 2892 etque
485 2811 549 2874 etot
571 2814 716 2891 torpente
731 2810 850 2891 pelato

122 2919 197 2998 ἀίω
218 2939 296 2984 nam
319 2920 423 2983 coitus
440 2919 515 3000 joon
538 2917 637 2999 lonqa
659 2917 777 2981 obliuio

121 3109 142 3153 re
165 3091 237 3151 sunt
249 3087 348 3169 lonqc
365 3087 492 3164 oblivio,
516 3087 638 3150 vocibus
659 3085 769 3150 eodem
784 3083 919 3149 Gaudia
934 3100 1006 3146 con·

121 3198 174 3274 ini,
209 3200 239 3259 et
261 3198 384 3276 poetam
412 3194 561 3257 brevitate
584 3192 729 3256 oret-ionis
760 3192 889 3273 quedam
916 3208 1006 3252 usum

121 3306 291 3385 eapperet.
336 3301 420 3366 Dicit
442 3301 538 3379 enim,
574 3317 630 3363 non
663 3300 769 3364 eedem
798 3316 864 3362 esse
894 3295 1007 3379 gaudia

127 3411 207 3485 rini;
241 3410 279 3474 de
301 3410 384 3474 coitu
413 3428 445 3472 se
472 3407 582 3471 iisdem
611 3406 711 3470 verbis
746 3406 791 3470 uti
820 3421 879 3468 non
908 3420 1006 3484 posse,

122 3537 150 3583 rs
167 3519 232 3601 jem
254 3518 378 3599 longam
401 3535 467 3579 esse
490 3514 679 3587 oblivionem,
702 3513 748 3576 ite
769 3512 903 3576 utnulla
924 3529 1007 3575 com-

122 3630 189 3690 nter
221 3625 367 3706 preteriti
401 3625 492 3704 atque
525 3620 684 3702 praesentis
721 3620 867 3702 temporis
895 3618 1007 3701 gaudia

122 3750 137 3796 o
170 3731 313 3796 constitui
347 3730 452 3812 possit.
507 3728 575 3790 Hoc
595 3726 677 3802 loco,
716 3744 806 3807 quem
829 3729 1006 3803 tractamus,

122 3841 163 3903 do
187 3858 282 3913 voces
316 3858 384 3921 quee
427 3838 499 3899 sunt
529 3834 629 3898 nimis
652 3833 760 3906 docto,
796 3833 860 3896 voci
883 3835 1006 3895 senten-

122 3966 226 4022 ressee,
260 3965 326 4027 quae
350 3948 397 4007 est
418 3943 571 4028 sopiens,
605 3940 767 4005 contrarie
788 3941 963 4023 ponuntur,
979 3939 1017 3998 eb

115 4052 172 4115 nr'Ir‘
202 4053 348 4117 orationis
384 4051 539 4118 brevitate
567 4071 646 4119 usus
676 4053 744 4117 est:
777 4045 911 4130 sequens
937 4041 1048 4103 'duem
