2566 4404
351 211 394 264 De
414 210 552 265 liberiore
570 209 719 264 verborum
737 211 843 277 positu.
1084 214 1125 279 23

63 416 229 498 pertinent,
255 414 360 478 eodem
382 413 448 477 loco
470 413 585 494 positas
608 413 745 477 videmus
768 413 869 495 (XIII,
879 416 941 489 223
965 414 1013 478 Hi
1034 419 1123 492 sant,

63 524 122 606 qui
157 521 328 602 trepidant
358 524 388 584 et
417 520 463 583 ad
490 521 599 584 ornain
612 519 759 603 sulpure
774 519 906 600 pellent
928 521 982 588 cfr.
1008 522 1060 597 ΙἸ,
1074 527 1123 601 19,

62 631 102 705 X,
120 633 206 709 112),
230 629 431 710 quamobrem
445 628 547 691 sumit
569 631 599 691 et
621 648 643 691 a
665 646 763 690 censa
785 627 888 702 trehit
902 628 1034 710 senecen
1051 631 1123 694 ordo

64 736 230 800 verborum
264 737 398 800 solennis
432 738 488 810 661,
522 738 554 798 61
582 735 663 816 apud
690 734 831 798 Persium
861 735 1012 816 objectum
1042 737 1120 801 hanc

63 845 170 907 sedem
193 845 295 906 tanet:
321 840 380 920 ΙΠ,
393 846 434 907 66
456 841 584 906 Discite
605 845 635 906 et
658 860 778 904 causas
800 843 981 921 cognoscite
1001 863 1120 920 rernm,

62 951 106 1023 Π,
121 955 162 1013 35
200 949 291 1012 Turre
315 949 470 1012 munibus
492 950 598 1032 quatit
620 954 650 1014 et
670 968 760 1029 spem
781 969 928 1012 macrum
949 949 1124 1030 (infantem)

62 1056 190 1137 anplice
210 1060 283 1119 coto
307 1046 529 1120 NaneLieini
550 1057 588 1119 ire
609 1074 749 1136 europae,
771 1076 859 1120 enac
885 1055 1002 1120 Crassi
1022 1060 1123 1124 mittit

61 1167 101 1230 iro
125 1164 208 1228 cedes
231 1163 511 1240 6116116116
532 1183 624 1227 nanc
646 1163 825 1243 astringor,
841 1164 917 1243 jara
939 1184 1026 1229 aune
1046 1187 1121 1248 prc-

62 1273 166 1337 narie
189 1271 288 1335 laces.
319 1270 395 1335 Cum
419 1272 517 1352 primo
547 1270 639 1334 Persii
662 1271 728 1333 loeo
751 1270 800 1334 hic
823 1290 942 1353 666666
962 1273 1121 1340 luvenalis

61 1381 150 1444 locus
173 1379 302 1456 conferri
323 1380 442 1458 potest:
466 1377 522 1453 ΙΙΙ,
540 1379 596 1444 187
621 1378 741 1456 Accipe
763 1381 794 1440 et
815 1376 908 1440 istud
920 1378 1122 1460 fermentum

62 1487 125 1550 titi
159 1485 247 1559 1616,
282 1504 371 1567 quem
406 1485 529 1558 locum,
564 1485 635 1565 quia
656 1484 737 1547 varie
761 1485 797 1546 de
819 1503 855 1547 eo
877 1486 1058 1566 disputatur,
1091 1495 1123 1555 et

61 1596 191 1676 posthac
223 1593 394 1656 accuratius
429 1610 500 1655 eum
537 1591 747 1667 tractabimus,
781 1591 832 1654 hic
858 1595 1020 1657 annotasse
1044 1597 1120 1661 satis

62 1702 133 1764 erit.
188 1700 279 1780 Apud
312 1697 478 1762 Horatium
513 1698 546 1760 in
579 1698 676 1778 lipist.
699 1698 740 1771 Π,
757 1702 838 1778 1,10
866 1698 944 1762 Non
977 1703 1121 1783 equidem

63 1809 209 1871 insector
230 1804 428 1887 delendaque
447 1806 597 1868 aurneina
609 1804 686 1867 Lioi
698 1824 766 1868 esse
777 1824 860 1884 reor,
884 1806 1120 1887 substantivum,

64 1916 147 1997 quod
175 1919 222 1977 est
251 1913 408 1988 earmina,
442 1914 512 1993 post
532 1911 723 1993 'particulam
754 1911 957 1992 copulativam
988 1916 1120 1996 positum

64 2025 99 2086 et
133 2020 285 2103 objectum
318 2025 366 2082 est
397 2019 558 2100 praegressi
587 2019 671 2083 verbi
699 2021 730 2081 et
761 2019 931 2101 subjectum
955 2025 1120 2089 accusativi

63 2148 138 2192 cum
170 2126 320 2190 infinitivo
354 2127 392 2189 ab
425 2125 522 2189 aliero
554 2126 645 2190 verbo
678 2126 847 2207 pendentis,
881 2126 932 2206 661
960 2130 1119 2195 verborum

64 2235 184 2318 positus
207 2235 244 2298 ad
267 2251 347 2306 eum,
376 2251 466 2314 quem
489 2234 665 2308 tractamus,
699 2232 810 2316 objecti
843 2232 978 2314 positum
1011 2238 1121 2301 confir-

64 2341 214 2406 mandum
238 2339 351 2421 aliquid
373 2341 507 2404 conterre
529 2342 637 2421 potest,
672 2341 704 2402 at
737 2340 817 2420 apud
840 2340 1004 2421 Virgilium
1037 2345 1121 2411 locus

63 2450 183 2522 exstat,
219 2466 278 2528 666
312 2448 464 2524 obiectum
498 2449 567 2528 post
600 2447 783 2527 particulam
817 2448 1019 2528 copulativam
1054 2452 1119 2517 sine

63 2556 158 2620 dubio
177 2555 313 2637 positum
331 2555 387 2618 sit:
425 2553 556 2617 Trnreec
577 2573 678 2617 mona
694 2554 800 2633 pireus
822 2555 907 2635 repit
929 2559 960 2618 et
980 2561 1120 2640 restipio

55 2665 182 2749 firmet
204 2663 295 2743 (Aen.
319 2662 376 2734 ΙΙΙ,
389 2663 474 2744 659).
520 2661 632 2742 Magna
661 2660 861 2742 interpretum
883 2681 953 2742 pars
976 2663 1013 2725 ad
1036 2663 1121 2742 repit

64 2771 155 2834 audit
177 2789 258 2845 enm,
293 2770 371 2849 quod
402 2785 567 2849 pronomen
590 2784 609 2829 a
630 2765 760 2848 Virgilio
793 2769 896 2832 crebro
930 2769 1028 2833 audiri
1061 2789 1119 2834 non

62 2895 153 2960 nego,
190 2876 296 2940 sedin
320 2875 415 2939 simili
438 2874 657 2938 sententiarum
681 2875 893 2956 conjunctione
916 2877 964 2940 vix
986 2895 1121 2957 unquam

62 2983 227 3054 omittitur,
251 3001 344 3062 quum
368 2986 471 3045 autem
493 2999 547 3062 pro
569 3001 670 3044 marva
693 2981 810 3045 codices
825 2983 1119 3047 nonmulliraonanr

61 3090 206 3165 habeant,
241 3108 339 3170 nequo
373 3088 424 3152 hic
456 3089 541 3153 locus
570 3107 667 3170 neque
695 3087 770 3150 illud
796 3088 915 3152 Horatii
946 3091 1120 3171 exemplum

61 3200 232 3278 Augusteae
254 3196 355 3261 aetatis
377 3201 482 3277 poetas
505 3196 549 3259 sic
571 3196 682 3259 dixisse
697 3196 740 3258 ita
755 3196 872 3276 probat,
895 3201 929 3260 61
951 3215 999 3260 166
1021 3197 1120 3260 mani-

61 3305 148 3368 festa
171 3304 221 3367 sit.
268 3304 393 3367 Ovidius
416 3309 519 3366 166161
542 3303 586 3366 616
621 3303 711 3367 dixit:
745 3303 820 3366 Met.
843 3302 929 3383 VIII,
941 3306 1005 3369 433
1028 3303 1120 3368 Pone

61 3432 134 3494 cpe,
168 3429 225 3475 nec
260 3409 374 3474 titulos
408 3411 566 3491 intercipe
599 3414 728 3475 nostros
755 3410 810 3474 cfr.
833 3410 889 3484 ΙΙΙ,
903 3413 964 3475 613
987 3409 1119 3474 Fcoeus

60 3519 250 3601 nostrisque
272 3517 439 3582 latoribus
461 3517 562 3593 odaia,
582 3520 614 3581 et
636 3518 707 3599 quid
731 3518 855 3581 tandem
877 3516 1017 3599 impedit,
1041 3537 1119 3599 666-

60 3627 165 3690 minus
188 3625 341 3707 objectum
370 3626 414 3689 sic
445 3629 597 3706 ponatur?
641 3624 904 3703 Quemadmodum
940 3626 1031 3700 enim,
1065 3625 1118 3689 ubi

60 3735 123 3816 duo
146 3734 283 3815 subjecta
305 3733 476 3815 copulative
494 3733 602 3815 juncta
625 3731 798 3805 6611116161
820 3730 1002 3812 particulam
1025 3730 1120 3814 6666-

60 3842 190 3906 latinam
208 3844 299 3922 atque
317 3841 476 3921 posterius,
500 3839 648 3920 particula
672 3838 844 3919 copulativa
865 3838 957 3918 priori
981 3841 1118 3904 membro

59 3949 198 4032 proxime
222 3947 381 4029 subjuncta
407 3947 651 4028 (6616611166166ι
680 3945 796 4026 positus
829 3944 940 4026 dignus
975 3948 1030 4022 est,
1066 3945 1118 4026 661

60 4055 331 4130 animadvertatur,
356 4056 386 4118 61
407 4053 439 4116 11
462 4053 602 4116 omnibus
625 4052 779 4133 exemplis,
808 4071 876 4133 quae
900 4051 1010 4133 objecti
1034 4051 1118 4133 posi·
