2566 4404
96 155 138 220 72
196 170 202 175 -
279 158 310 194 A
419 153 462 207 Do
481 153 631 222 particulis
652 153 831 222 copulativis.

203 357 372 421 Nimirum
393 355 513 419 samoni
535 356 628 420 duodo
650 360 698 421 est
715 357 862 421 occidere
888 357 1032 423 Galbam

202 464 249 527 Et
271 483 388 528 carcre
410 466 522 540 eadem,
544 465 665 527 samsai
687 466 874 528 constantia
897 467 981 530 clais

202 571 358 636 Bebriaci
381 589 494 650 cumpo
516 570 658 651 spoliala
680 571 833 664 affectare
855 571 976 637 Palea

202 678 249 742 Et
264 697 420 760 pressam
441 678 478 741 da
492 676 584 759 socie
607 678 721 760 dipite's
743 678 913 771 estendere
929 701 1055 760 panem

98 788 205 851 eadem
227 786 290 850 fere
314 784 535 866 significatione
558 789 650 868 atque
680 789 711 850 et
738 787 845 862 etiam,
880 790 911 852 et
939 787 1049 852 eodem
1079 791 1139 852 aaa

92 914 176 976 pore
198 910 320 958 versum
340 890 389 954 bis
410 891 525 971 incipit.
570 891 656 967 Sunt,
679 895 731 975 qui
751 893 897 958 hocloco
921 899 992 976 post
1015 893 1141 960 amosa

97 1001 268 1066 incidentes
291 999 412 1082 signum
436 1001 505 1079 post
527 1002 629 1062 cotem
658 1000 792 1081 positum
819 990 896 1065 mire
926 1001 1062 1067 deleant.
1101 999 1141 1064 Si·

96 1108 166 1172 mili
194 1105 415 1190 significatione
438 1108 530 1186 atquc
563 1108 609 1197 vi?
625 1106 777 1188 particula
809 1126 867 1172 aec
895 1108 927 1171 in
952 1108 1055 1173 satirae
1076 1107 1144 1172 XIII
1186 1118 1189 1177 ἑ

96 1235 124 1279 n.
141 1217 197 1281 2οι
220 1212 382 1277 Docimus
404 1216 512 1276 cotem
529 1211 602 1276 Hos
625 1234 751 1294 qaoque
764 1212 891 1298 salices,
915 1215 976 1298 qui
989 1214 1083 1299 serre
1102 1215 1143 1278 ia
1187 1202 1189 1207 ¹

98 1314 264 1386 commodo
296 1321 372 1383 odloe
394 1319 462 1383 Noc
488 1319 620 1400 jactare
646 1321 767 1404 jupam
794 1323 864 1385 mlo
887 1322 1032 1387 didicere
1053 1323 1144 1404 mopd

96 1433 169 1494 stro
191 1428 244 1493 cir.
268 1428 310 1505 Η,
336 1430 499 1493 130-131
524 1428 624 1508 posita
646 1430 701 1491 est.
731 1429 841 1493 Tribus
862 1431 943 1511 apud
968 1423 1144 1496 Iuvenalem

99 1537 176 1600 locis
209 1535 274 1612 (IX,
308 1536 359 1608 68,
393 1533 431 1613 X,
464 1536 517 1611 31,
552 1533 610 1609 III,
640 1539 716 1612 204)
748 1536 928 1617 particulam
965 1541 997 1601 et
1027 1538 1064 1603 iu
1093 1555 1145 1601 uno

96 1641 234 1706 membro
257 1641 401 1705 addendo
421 1639 579 1721 particulis
605 1658 667 1705 'aec
693 1661 761 1706 raon
785 1642 941 1726 sarbjungi,
977 1643 1079 1708 obiter
1107 1647 1145 1707 at·

96 1749 225 1831 tingam.

182 1855 282 1918 Nemo
316 1857 405 1934 poeta
439 1854 550 1939 saepius
583 1873 674 1937 quarn
708 1855 867 1920 luvenalis
899 1874 998 1938 quum
1031 1842 1146 1941 singula

96 1963 234 2026 membra
256 1962 322 2023 turn
346 1960 515 2024 sententias
547 1961 612 2024 sine
642 1961 749 2042 copula
777 1961 891 2045 jungit
927 1962 1027 2026 rarius
1050 1965 1145 2026 tamen

96 2071 155 2134 duo
177 2066 369 2136 substantiva
392 2069 423 2130 et
444 2067 504 2131 duo
525 2067 669 2132 infinitivi
684 2068 749 2131 sine
766 2069 977 2150 conjunctione
1000 2077 1147 2151 ponuntur

96 2176 161 2254 (VI,
190 2178 258 2249 117,
282 2178 353 2252 446,
377 2173 466 2251 XIII,
492 2176 562 2249 132,
584 2175 667 2254 XlV,
694 2179 775 2253 103),
803 2178 835 2238 et
856 2193 1042 2256 quamquam
1064 2178 1144 2257 poete

95 2283 156 2347 tria
190 2281 328 2345 membra
361 2285 415 2345 aut
447 2281 606 2362 particulis
640 2282 839 2365 conjunctivis
873 2283 987 2346 vincire
1018 2286 1073 2346 aut
1099 2299 1146 2362 per

97 2390 265 2472 asyndeton
290 2407 401 2470 ponere
424 2387 510 2463 solet,
528 2388 644 2452 duobus
667 2389 822 2452 dissolutis
845 2390 971 2453 tertium
993 2387 1145 2471 particulis

97 2501 138 2572 el,
163 2500 270 2576 atque,
295 2514 343 2574 oo,
368 2499 427 2558 aad
449 2497 559 2577 saepius
582 2496 721 2578 adjungit
744 2497 796 2569 (ll,
809 2497 923 2573 32111,
940 2500 1010 2578 105,
1026 2495 1107 2571 XIV,
1120 2497 1145 2574 l,

96 2606 169 2676 260,
188 2602 243 2676 IX,
262 2604 342 2677 142),
367 2603 403 2664 ad
428 2603 506 2683 quod
528 2602 670 2685 loquendi
693 2621 789 2685 genus
811 2621 845 2665 eo
868 2603 968 2684 magis
991 2603 1146 2667 attenden-

99 2709 172 2772 dum
197 2712 253 2780 est,
277 2707 346 2788 qnia
358 2695 516 2786 Horatius,
539 2709 592 2790 qui
614 2712 648 2772 ut
660 2709 819 2774 luvenalis
841 2710 872 2773 in
896 2709 1033 2790 plurium
1054 2727 1147 2774 mem·

96 2815 221 2878 brorum
250 2815 486 2885 coacervatione,
521 2815 571 2878 ubi
605 2815 741 2880 membra
773 2833 834 2879 una
866 2816 942 2880 serie
976 2818 1146 2899 procedunt,

98 2924 234 2984 extrema
257 2921 365 2985 iisdem
388 2908 545 3004 particulis
567 2923 719 2986 interdum
742 2924 844 2996 vincit,
867 2943 932 3005 quae
945 2923 1147 2987 membrorum

97 3028 271 3112 conjunctio
294 3029 389 3096 etiam
405 3029 437 3092 in
459 3048 547 3110 prosa
570 3032 704 3094 oratione
727 3031 889 3107 invenitur,
912 3031 1031 3095 duobus
1053 3048 1149 3094 mem·

96 3135 158 3199 bris
191 3154 245 3217 per
278 3138 447 3217 asyndeton
480 3138 589 3218 positis
626 3139 752 3202 tertium
784 3156 905 3219 perraro
939 3137 983 3201 sio
1008 3137 1149 3212 ⁴annectit

98 3241 208 3323 (Epist.
232 3242 256 3318 I,
282 3245 330 3317 17,
354 3246 416 3317 46).
475 3245 516 3309 Ut
549 3245 688 3326 exempla
719 3249 822 3309 aretem
856 3245 974 3321 docent,
1003 3245 1151 3327 junctura

96 3347 232 3429 priorum
267 3347 470 3412 membrorum
500 3351 655 3432 asyndeta,
670 3353 702 3413 in
725 3369 841 3415 caesura
862 3352 909 3415 vel
931 3351 1020 3415 initio
1046 3371 1150 3417 vorsus

96 3453 270 3533 invenitur,
304 3454 464 3519 luvenalis
498 3457 588 3531 enirn,
623 3458 676 3540 qui
697 3459 746 3522 lris
768 3457 843 3522 locis
865 3458 1032 3539 asyndeton
1058 3463 1151 3538 amat,

97 3560 189 3624 etiarn
213 3560 245 3624 in
267 3561 429 3642 tripert'tae
463 3565 608 3629 orationis
640 3565 746 3646 primis
779 3565 923 3629 membris
957 3565 987 3628 ei
1012 3565 1152 3631 indulsit.

97 3667 157 3733 Ubi
181 3667 310 3749 singula
334 3686 421 3733 voces
445 3677 669 3745 enumerantur,
703 3672 863 3736 luvenalis
896 3689 979 3736 more
1014 3692 1072 3738 suo
1099 3678 1154 3738 aut

96 3774 178 3837 inter
200 3791 304 3837 omnes
336 3775 563 3855 conjunctiones
592 3780 678 3860 ponit
705 3784 758 3843 aut
780 3797 884 3843 ornnes
905 3797 959 3860 per
981 3782 1152 3864 asyndeton

43 3916 71 3941 ,s
97 3880 186 3945 effert
208 3879 274 3956 (cfr.
298 3879 368 3957 Vll,
395 3887 441 3956 ll,
468 3888 539 3959 133,
562 3885 618 3964 ΙΙΙ,
643 3889 693 3966 76,
718 3889 778 3963 77),
807 3885 1002 3968 quamobrem
1026 3890 1057 3952 in
1095 3896 1152 3956 sat.

97 3985 142 4050 VI
165 4007 192 4052 v.
214 3989 293 4068 354:
343 3986 502 4053 Ooadaco't
531 3992 669 4066 comites,
697 3986 821 4070 sellom,
845 3993 992 4073 cervical,
1015 3999 1154 4080 amieos,
