2566 4404
488 225 530 277 De
548 225 705 278 mutatione
724 225 810 278 modi.
995 281 999 292 ,
1105 230 1165 292 211

69 454 77 463 ·
118 444 216 511 genus
238 413 298 492 alio
327 429 419 493 huius
442 429 659 512 disputationis
688 428 754 492 loco
771 429 836 510 jain
861 431 1175 496 commemoravimus.

118 537 215 600 Poeta
237 536 375 610 omnino,
397 536 450 600 ubi
472 537 691 618 cogitationem
714 554 790 610 eam,
814 553 905 618 quam
917 538 1039 619 promit,
1063 539 1105 602 ita
1128 559 1175 602 ex·

67 626 77 663 ²
119 644 214 727 ponit,
239 647 273 706 ut
293 643 386 706 simili
410 644 639 717 sententiarum,
663 661 739 725 quas
751 643 890 724 periodus
913 645 1056 719 continet,
1079 644 1176 710 forma

116 751 387 828 institutaoratio
412 751 450 814 ad
473 751 565 814 finem
587 751 711 831 perduci
735 751 846 826 soleat,
870 751 1037 814 orationem
1060 749 1177 816 variare

118 860 213 935 amat,
228 857 324 932 cuius,
336 876 396 921 non
408 856 608 932 enormitatis,
621 859 674 920 sod
686 858 844 939 poetarum
857 858 1025 922 communis
1032 858 1176 940 loquendi

111 984 193 1030 ‚usus
234 964 335 1028 multa
368 965 506 1045 exempla
519 965 542 1046 ¹)
575 963 676 1028 afferri
709 966 852 1045 possunt,
886 982 991 1027 verum
1024 984 1175 1047 nusquam

107 1073 293 1137 'orationem
332 1071 377 1134 ita
416 1072 529 1148 variat,
563 1074 600 1134 ut
639 1072 849 1153 grammaticae
890 1072 1023 1135 rationes
1059 1074 1175 1152 portur·

114 1178 235 1243 dentur.
267 1177 449 1242 Insolontior
460 1178 557 1260 igitur
568 1178 726 1259 modorum
738 1178 880 1258 mutatio,
905 1196 964 1259 qua
975 1177 1175 1243 Heinrichius

115 1286 193 1350 miro
215 1285 400 1358 delectatur,
424 1285 516 1349 etad
539 1303 629 1366 quam
652 1303 732 1366 saepe
755 1284 911 1367 confugit,
941 1286 1004 1349 fors
1026 1287 1092 1349 tota
1114 1285 1175 1349 tol·

114 1392 206 1455 lenda
226 1396 274 1455 ost
310 1393 358 1455 vel
381 1392 426 1454 ita
448 1391 731 1466 circumscribendo,
755 1393 791 1454 ut
812 1393 1039 1473 augustissimis
1062 1392 1174 1457 finibus

114 1480 320 1572 contineatur,
358 1516 430 1562 nam
470 1516 503 1561 rc
538 1516 608 1562 vora
644 1501 732 1562 modo
766 1499 825 1563 duo
858 1499 919 1563 loci
952 1503 1087 1575 exstant,
1122 1500 1174 1564 ubi

114 1606 223 1668 modus
236 1605 427 1669 insolentius
457 1608 595 1669 mutatus
625 1623 692 1669 osse
721 1605 869 1669 videatur.
915 1606 950 1668 Iu
974 1607 1068 1671 satira
1090 1606 1169 1670 enirn

114 1712 257 1794 septima,
279 1711 330 1775 ubi
353 1716 443 1794 posta
467 1714 511 1776 sic
530 1712 653 1791 scripsit
665 1713 698 1796 (a
720 1733 748 1776 v.
763 1714 856 1795 184):
887 1712 1008 1791 V'em'ct,
1032 1715 1089 1792 qui
1103 1712 1173 1796 fcr-

72 1830 75 1835 “
113 1818 191 1883 cecla
212 1818 304 1882 docte
331 1817 528 1898 Composuit,
562 1819 683 1899 ueniet,
713 1821 770 1901 qui
793 1819 1022 1900 pulmentario
1052 1821 1171 1897 condit,
1241 1828 1244 1833 ⁴

112 1926 318 2003 indicativus,
342 1926 394 2006 qui
417 1931 465 1990 est
488 1925 611 2003 condit,
637 1927 863 2009 conjunctivum
885 1946 1090 2010 praegressum
1112 1928 1170 1991 du·

111 2032 177 2097 rins
200 2033 322 2114 excipit,
345 2034 378 2125 ot
399 2035 489 2113 poeta
511 2035 543 2096 irr
566 2035 622 2098 tali
644 2035 797 2098 sententia
817 2035 1046 2116 conjunctivum
1058 2054 1168 2117 ponere

79 2140 193 2246 'solet
214 2138 283 2219 (cfr.
310 2140 401 2215 VIII,
425 2143 481 2207 50:
523 2141 635 2205 ch'et
667 2140 706 2203 dc
727 2139 824 2220 plebe
846 2145 968 2223 iopam,
996 2143 1059 2223 Qud
1075 2143 1167 2224 jum'o
1211 2213 1212 2216 Ἴ

111 2245 216 2315 modos
240 2249 270 2311 ct
292 2245 398 2328 dapum
409 2246 733 2330 aerctqmatasolvot).
779 2248 897 2328 Optimi
920 2253 1024 2312 autum
1047 2250 1168 2313 codices

111 2349 322 2428 consentinam
358 2353 555 2418 Heinriohius
589 2373 662 2418 saue
695 2374 749 2437 pro
779 2354 889 2418 condit
911 2357 1017 2421 scribit
1039 2357 1169 2434 condat,
1264 2421 1267 2427 ,

110 2460 244 2546 ,Iahnius
256 2459 398 2537 condiat,
422 2463 476 2525 scd
494 2462 606 2542 passim
622 2463 702 2543 apud
712 2463 860 2543 poetcsin
873 2466 1035 2541 structura,
1057 2465 1088 2528 in
1112 2484 1170 2546 qua

110 2635 245 2642 —-—n—-—-.
252 2636 416 2642 ----.-,.,..--
421 2636 553 2642 ...a-m...
560 2637 576 2641 ,
592 2637 666 2642 .-..-
677 2637 761 2643 --....
768 2639 938 2644 ...-.-..-..--.
954 2640 976 2644 ..-
984 2639 1157 2645 -..κ-ψ

136 2732 157 2796 ¹)
175 2730 240 2796 VII,
260 2735 310 2788 222
328 2734 462 2784 Dummodo
480 2751 525 2783 uon
541 2744 634 2800 pereat,
653 2736 728 2785 scedio
747 2737 810 2800 quod
827 2739 901 2787 noctis
918 2740 949 2787 ab
968 2737 1030 2786 doru
1047 2736 1169 2790 sedisti..

178 2817 312 2867 Dummodo
328 2835 372 2867 uon
389 2827 483 2883 pereat,
502 2817 598 2867 totidem
616 2817 726 2876 olfecisse
744 2818 869 2882 lucernam
887 2820 921 2885 X,
945 2825 989 2876 155
1008 2821 1068 2872 Nise
1088 2822 1168 2871 Poeno
1213 2881 1216 2885 ,

176 2901 249 2952 milite
272 2911 358 2966 portae
377 2903 524 2968 Frunpe'muc
551 2911 574 2950 et
592 2902 671 2951 paedia
698 2903 811 2955 uexillum
836 2923 900 2970 pono
918 2904 1034 2970 Suburo3
1053 2904 1092 2970 X,
1118 2907 1168 2959 ‘148

94 2975 98 2982 ¹
176 2987 268 3051 Africa
287 3022 295 3038 .
315 3026 321 3038 .
342 2987 464 3036 Percussa
490 3003 577 3035 oceano
596 2985 703 3050 Niloque
725 2988 823 3038 admota
846 2990 935 3054 tepenti
951 2989 1048 3039 Rursus
1066 2989 1101 3038 od
1118 2992 1169 3038 Ac-

176 3070 279 3135 tds'opum
294 3070 409 3136 populos;
439 3068 522 3135 VIII,
541 3071 567 3132 6,
589 3071 619 3135 9,
639 3073 671 3126 15
694 3070 761 3128 Quid
774 3072 873 3136 prodest
891 3113 897 3125 .
917 3112 923 3124 .
942 3075 994 3137 quis
1004 3073 1113 3136 fructus,
1134 3111 1140 3122 .
1160 3095 1169 3124 r

175 3173 220 3220 quo
237 3155 329 3220 efficies
348 3193 354 3204 .
374 3195 379 3205 .
398 3191 404 3203 .
422 3171 464 3203 cur
480 3153 601 3218 pandent,
620 3155 654 3219 si3
675 3153 728 3220 IX,
765 3157 813 3211 104
836 3157 928 3208 Claude
938 3160 1076 3223 fenestras,
1108 3156 1166 3206 Vela

175 3249 255 3305 tapam
272 3239 354 3299 rimmo,
366 3240 442 3303 juupe
459 3239 532 3304 ostia,
550 3238 626 3288 tollito
645 3239 728 3291 iumen.
789 3239 836 3292 Sic
855 3239 1025 3293 indicativus
1051 3247 1080 3292 et
1099 3255 1165 3292 con·

176 3322 323 3389 junctivus
343 3337 456 3387 quoque
475 3322 575 3374 modus
594 3323 732 3375 orationis
751 3324 841 3376 forma
858 3323 984 3391 paullum
1006 3332 1114 3376 mutata
1133 3338 1163 3377 se

172 3406 332 3475 excipiunt:
360 3406 413 3471 III,
439 3408 489 3460 100
508 3405 597 3470 Rides,
616 3408 704 3456 maiore
720 3409 834 3460 cachinno
870 3409 1018 3475 Concinitur,
1037 3410 1164 3476 ipuiculum

171 3495 259 3542 dnumoe
285 3493 309 3541 oi
333 3501 434 3556 tenspore
456 3508 552 3554 poscae,
579 3491 667 3555 accipit
690 3491 854 3558 endromiden,
894 3495 918 3542 si
938 3494 1032 3548 ,dixeris
1060 3495 1164 3562 ‚,oestuo“

171 3576 258 3646 eudat3
277 3574 323 3641 VI,
343 3575 392 3630 503
411 3574 592 3624 Andromachen
611 3593 627 3624 a
637 3576 724 3640 fronte
741 3577 848 3643 videbis,
879 3588 935 3642 pout
951 3579 1026 3627 minor
1044 3589 1090 3639 est,
1113 3597 1162 3630 cre-

173 3660 221 3710 dm
239 3659 329 3720 alium,
349 3666 378 3712 et
397 3658 506 3725 crebro,
525 3665 556 3710 ut
575 3659 603 3710 in
622 3659 718 3725 priore
739 3661 883 3728 exemplo,
906 3668 973 3728 post
991 3662 1162 3728 particulam

173 3745 197 3794 si
213 3743 388 3797 indicativus
409 3743 541 3796 secundae
560 3758 689 3810 personae
714 3744 741 3795 in
765 3745 973 3811 conjunctivum
992 3746 1033 3799 ita
1051 3747 1162 3808 transit,

173 3833 205 3880 ut
223 3827 396 3880 indicativus
416 3826 564 3880 sententiae
583 3823 726 3893 primari‘ae
747 3829 917 3896 conjunctivi
942 3831 1078 3884 rationem
1096 3846 1160 3898 pro-

70 3934 79 3946 ·
172 3909 229 3977 dat,
250 3911 367 3978 crebro,
393 3918 424 3963 ut
452 3911 480 3962 iu
506 3910 598 3964 altero
625 3913 770 3979 exemplo,
800 3912 945 3966 indicativi
964 3915 1056 3967 altera
1073 3914 1160 3966 futuri

170 3996 311 4063 temporis
339 4009 465 4061 persona
493 3995 528 4047 ob
557 3995 765 4049 similitudinem
791 3997 914 4050 notionis
939 3998 967 4050 in
987 3998 1158 4063 conjunctivi

125 4077 128 4083 ’
169 4080 322 4134 secundam
338 4094 490 4145 personam
508 4079 652 4144 generalis
672 4080 795 4146 subjecti
815 4081 885 4148 loco
899 4083 994 4135 fictam
1014 4083 1124 4135 transit.
1203 4099 1205 4102 ⁴

949 4169 997 4220 tt*
