<?xml version="1.0" encoding="UTF-8"?>
<!DOCTYPE html PUBLIC "-//W3C//DTD XHTML 1.0 Transitional//EN"
    "http://www.w3.org/TR/xhtml1/DTD/xhtml1-transitional.dtd">
<html xmlns="http://www.w3.org/1999/xhtml" xml:lang="en" lang="en">
 <head>
  <title>
</title>
<meta http-equiv="Content-Type" content="text/html;charset=utf-8" />
  <meta name='ocr-system' content='tesseract 3.04.00' />
  <meta name='ocr-capabilities' content='ocr_page ocr_carea ocr_par ocr_line ocrx_word'/>
</head>
<body>
  <div class='ocr_page' id='page_1' title='image "./sermonemdjuniij00kiaegoog_0117.png"; bbox 0 0 2566 4404; ppageno 0'>
   <div class='ocr_carea' id='block_1_1' title="bbox 171 206 904 275">
    <p class='ocr_par' dir='ltr' id='par_1_1' title="bbox 171 206 904 275">
     <span class='ocr_line' id='line_1_1' title="bbox 171 206 904 275; baseline 0.007 -18"><span class='ocrx_word' id='word_1_1' title='bbox 171 207 232 272; x_wconf 88' lang='lat'><strong>104</strong></span> <span class='ocrx_word' id='word_1_2' title='bbox 489 206 532 259; x_wconf 90' lang='lat' dir='ltr'><strong>De</strong></span> <span class='ocrx_word' id='word_1_3' title='bbox 551 207 702 274; x_wconf 74' lang='lat' dir='ltr'><strong>particulis</strong></span> <span class='ocrx_word' id='word_1_4' title='bbox 723 207 904 275; x_wconf 83' lang='lat' dir='ltr'><strong>copulatiris.</strong></span> 
     </span>
    </p>
   </div>
   <div class='ocr_carea' id='block_1_2' title="bbox 199 406 1196 1028">
    <p class='ocr_par' dir='ltr' id='par_1_2' title="bbox 211 406 1062 489">
     <span class='ocr_line' id='line_1_2' title="bbox 211 406 1062 489; baseline 0.009 -19"><span class='ocrx_word' id='word_1_5' title='bbox 211 407 256 471; x_wconf 79' lang='lat' dir='ltr'><strong>In</strong></span> <span class='ocrx_word' id='word_1_6' title='bbox 277 407 395 472; x_wconf 83' lang='lat' dir='ltr'><strong>uetula.</strong></span> <span class='ocrx_word' id='word_1_7' title='bbox 444 407 576 489; x_wconf 75' lang='lat' dir='ltr'><em>Quoties</em></span> <span class='ocrx_word' id='word_1_8' title='bbox 599 406 757 472; x_wconf 64' lang='lat' dir='ltr'><strong>daravum</strong></span> <span class='ocrx_word' id='word_1_9' title='bbox 778 410 954 475; x_wconf 75' lang='lat' dir='ltr'><strong>intervertit</strong></span> <span class='ocrx_word' id='word_1_10' title='bbox 976 410 1062 478; x_wconf 81' lang='lat' dir='ltr'><strong>illud</strong></span> 
     </span>
    </p>

    <p class='ocr_par' dir='ltr' id='par_1_3' title="bbox 212 513 963 598">
     <span class='ocr_line' id='line_1_3' title="bbox 212 513 963 598; baseline 0.009 -24"><span class='ocrx_word' id='word_1_11' title='bbox 212 515 280 596; x_wconf 60' lang='lat' dir='ltr'><strong>Zet)</strong></span> <span class='ocrx_word' id='word_1_12' title='bbox 304 517 351 574; x_wconf 75' lang='grc' dir='ltr'><strong>καὶ</strong></span> <span class='ocrx_word' id='word_1_13' title='bbox 372 513 474 598; x_wconf 55' lang='lat' dir='ltr'><strong>dclvi?</strong></span> <span class='ocrx_word' id='word_1_14' title='bbox 507 513 608 577; x_wconf 85' lang='lat' dir='ltr'><strong>Modo</strong></span> <span class='ocrx_word' id='word_1_15' title='bbox 630 515 690 578; x_wconf 74' lang='lat' dir='ltr'><strong>aad</strong></span> <span class='ocrx_word' id='word_1_16' title='bbox 714 515 816 581; x_wconf 82' lang='lat' dir='ltr'><strong>lodice</strong></span> <span class='ocrx_word' id='word_1_17' title='bbox 837 516 963 581; x_wconf 78' lang='lat' dir='ltr'><strong>relictis</strong></span> 
     </span>
    </p>

    <p class='ocr_par' dir='ltr' id='par_1_4' title="bbox 199 621 1196 1028">
     <span class='ocr_line' id='line_1_4' title="bbox 199 621 1132 709; baseline 0.001 -21"><span class='ocrx_word' id='word_1_18' title='bbox 199 622 330 688; x_wconf 64' lang='lat' dir='ltr'><strong>Uteris</strong></span> <span class='ocrx_word' id='word_1_19' title='bbox 352 621 389 684; x_wconf 79' lang='lat' dir='ltr'><strong>ic</strong></span> <span class='ocrx_word' id='word_1_20' title='bbox 411 621 516 684; x_wconf 80' lang='lat' dir='ltr'><strong>turbu.</strong></span> <span class='ocrx_word' id='word_1_21' title='bbox 568 621 663 702; x_wconf 81' lang='lat' dir='ltr'><strong>Quod</strong></span> <span class='ocrx_word' id='word_1_22' title='bbox 683 623 769 686; x_wconf 77' lang='lat' dir='ltr'><strong>euim</strong></span> <span class='ocrx_word' id='word_1_23' title='bbox 791 643 859 688; x_wconf 79' lang='lat' dir='ltr'><strong>con</strong></span> <span class='ocrx_word' id='word_1_24' title='bbox 881 626 999 689; x_wconf 76' lang='lat' dir='ltr'><strong>excitet</strong></span> <span class='ocrx_word' id='word_1_25' title='bbox 1018 628 1132 709; x_wconf 64' lang='lat' dir='ltr'><strong>inquere</strong></span> 
     </span>
     <span class='ocr_line' id='line_1_5' title="bbox 219 727 1196 811; baseline 0.001 -17"><span class='ocrx_word' id='word_1_26' title='bbox 219 729 289 794; x_wconf 81' lang='lat' dir='ltr'><strong>Voc</strong></span> <span class='ocrx_word' id='word_1_27' title='bbox 301 727 424 793; x_wconf 79' lang='lat' dir='ltr'><strong>blanda</strong></span> <span class='ocrx_word' id='word_1_28' title='bbox 435 731 466 792; x_wconf 80' lang='lat' dir='ltr'><strong>et</strong></span> <span class='ocrx_word' id='word_1_29' title='bbox 479 727 647 810; x_wconf 75' lang='lat' dir='ltr'><strong>nequam?</strong></span> <span class='ocrx_word' id='word_1_30' title='bbox 660 727 796 811; x_wconf 66' lang='lat' dir='ltr'><strong>Diuites</strong></span> <span class='ocrx_word' id='word_1_31' title='bbox 807 730 921 811; x_wconf 78' lang='lat' dir='ltr'><strong>hadet;</strong></span> <span class='ocrx_word' id='word_1_32' title='bbox 942 736 981 795; x_wconf 82' lang='lat' dir='ltr'><strong>ut</strong></span> <span class='ocrx_word' id='word_1_33' title='bbox 992 736 1099 798; x_wconf 79' lang='lat' dir='ltr'><strong>tamen</strong></span> <span class='ocrx_word' id='word_1_34' title='bbox 1111 750 1196 798; x_wconf 78' lang='lat' dir='ltr'><strong>omues</strong></span> 
     </span>
     <span class='ocr_line' id='line_1_6' title="bbox 215 834 1037 916; baseline 0.002 -13"><span class='ocrx_word' id='word_1_35' title='bbox 215 835 398 903; x_wconf 78' lang='lat' dir='ltr'><strong>Subsident</strong></span> <span class='ocrx_word' id='word_1_36' title='bbox 413 836 538 916; x_wconf 75' lang='lat' dir='ltr'><strong>pinna,</strong></span> <span class='ocrx_word' id='word_1_37' title='bbox 562 836 655 899; x_wconf 81' lang='lat' dir='ltr'><strong>dicus</strong></span> <span class='ocrx_word' id='word_1_38' title='bbox 677 834 744 900; x_wconf 76' lang='lat' dir='ltr'><strong>dccc</strong></span> <span class='ocrx_word' id='word_1_39' title='bbox 765 836 898 901; x_wconf 78' lang='lat' dir='ltr'><strong>mollius</strong></span> <span class='ocrx_word' id='word_1_40' title='bbox 920 838 1037 904; x_wconf 77' lang='lat' dir='ltr'><strong>Haerno</strong></span> 
     </span>
     <span class='ocr_line' id='line_1_7' title="bbox 217 941 1194 1028; baseline -0.002 -21"><span class='ocrx_word' id='word_1_41' title='bbox 217 946 421 1026; x_wconf 75' lang='lat' dir='ltr'><strong><em>Quamquam</em></strong></span> <span class='ocrx_word' id='word_1_42' title='bbox 433 946 464 1006; x_wconf 81' lang='lat' dir='ltr'><strong>et</strong></span> <span class='ocrx_word' id='word_1_43' title='bbox 478 941 701 1024; x_wconf 67' lang='lat' dir='ltr'><strong>Carpuphom,</strong></span> <span class='ocrx_word' id='word_1_44' title='bbox 716 943 826 1026; x_wconf 78' lang='lat' dir='ltr'><strong>facies</strong></span> <span class='ocrx_word' id='word_1_45' title='bbox 841 948 901 1009; x_wconf 79' lang='lat' dir='ltr'><strong>tua</strong></span> <span class='ocrx_word' id='word_1_46' title='bbox 920 951 1087 1028; x_wconf 69' lang='lat' dir='ltr'><strong>coremutat</strong></span> <span class='ocrx_word' id='word_1_47' title='bbox 1103 963 1194 1011; x_wconf 72' lang='lat' dir='ltr'><strong>aanor.</strong></span> 
     </span>
    </p>
   </div>
   <div class='ocr_carea' id='block_1_3' title="bbox 172 1122 1197 1238">
    <p class='ocr_par' dir='ltr' id='par_1_5' title="bbox 172 1122 1197 1238">
     <span class='ocr_line' id='line_1_8' title="bbox 172 1122 1197 1238; baseline -0.004 -15"><span class='ocrx_word' id='word_1_48' title='bbox 172 1158 222 1223; x_wconf 87' lang='lat' dir='ltr'><strong>Sic</strong></span> <span class='ocrx_word' id='word_1_49' title='bbox 233 1157 399 1238; x_wconf 87' lang='lat' dir='ltr'><strong>Rupertius</strong></span> <span class='ocrx_word' id='word_1_50' title='bbox 422 1159 453 1220; x_wconf 89' lang='lat' dir='ltr'><strong>et</strong></span> <span class='ocrx_word' id='word_1_51' title='bbox 474 1155 670 1220; x_wconf 86' lang='lat' dir='ltr'><strong>Heinrichius</strong></span> <span class='ocrx_word' id='word_1_52' title='bbox 693 1157 795 1221; x_wconf 85' lang='lat' dir='ltr'><strong>locum</strong></span> <span class='ocrx_word' id='word_1_53' title='bbox 818 1122 928 1233; x_wconf 18' lang='lat' dir='ltr'><strong>edunt—3</strong></span> <span class='ocrx_word' id='word_1_54' title='bbox 950 1158 1085 1224; x_wconf 87' lang='lat' dir='ltr'><strong>Jahnius</strong></span> <span class='ocrx_word' id='word_1_55' title='bbox 1102 1165 1131 1224; x_wconf 85' lang='lat' dir='ltr'><strong>ct</strong></span> <span class='ocrx_word' id='word_1_56' title='bbox 1142 1157 1197 1222; x_wconf 87' lang='lat' dir='ltr'><strong>Her·</strong></span> 
     </span>
    </p>
   </div>
   <div class='ocr_carea' id='block_1_4' title="bbox 172 1263 1273 3159">
    <p class='ocr_par' dir='ltr' id='par_1_6' title="bbox 172 1263 1200 1986">
     <span class='ocr_line' id='line_1_9' title="bbox 172 1263 1199 1348; baseline -0.002 -19"><span class='ocrx_word' id='word_1_57' title='bbox 172 1283 301 1329; x_wconf 86' lang='lat' dir='ltr'><strong>mannus</strong></span> <span class='ocrx_word' id='word_1_58' title='bbox 324 1268 395 1348; x_wconf 85' lang='lat' dir='ltr'><strong>post</strong></span> <span class='ocrx_word' id='word_1_59' title='bbox 417 1264 495 1347; x_wconf 73' lang='grc' dir='ltr'><strong>ψυχή</strong></span> <span class='ocrx_word' id='word_1_60' title='bbox 518 1264 670 1326; x_wconf 86' lang='lat' dir='ltr'><strong>commate</strong></span> <span class='ocrx_word' id='word_1_61' title='bbox 692 1263 840 1341; x_wconf 85' lang='lat' dir='ltr'><strong>incidunt,</strong></span> <span class='ocrx_word' id='word_1_62' title='bbox 864 1265 919 1329; x_wconf 85' lang='lat' dir='ltr'><strong>alii</strong></span> <span class='ocrx_word' id='word_1_63' title='bbox 933 1266 995 1330; x_wconf 87' lang='lat' dir='ltr'><strong>alic</strong></span> <span class='ocrx_word' id='word_1_64' title='bbox 1011 1269 1100 1332; x_wconf 85' lang='lat' dir='ltr'><strong>mcdc</strong></span> <span class='ocrx_word' id='word_1_65' title='bbox 1117 1281 1199 1331; x_wconf 88' lang='lat' dir='ltr'><strong>versus</strong></span> 
     </span>
     <span class='ocr_line' id='line_1_10' title="bbox 173 1369 1200 1452; baseline -0.004 -15"><span class='ocrx_word' id='word_1_66' title='bbox 173 1371 373 1452; x_wconf 80' lang='lat' dir='ltr'><strong>distinguunt,</strong></span> <span class='ocrx_word' id='word_1_67' title='bbox 396 1389 471 1452; x_wconf 89' lang='lat' dir='ltr'><strong>quas</strong></span> <span class='ocrx_word' id='word_1_68' title='bbox 494 1369 715 1446; x_wconf 69' lang='lat' dir='ltr'><strong>distinctiones</strong></span> <span class='ocrx_word' id='word_1_69' title='bbox 739 1389 834 1451; x_wconf 91' lang='lat' dir='ltr'><strong>quum</strong></span> <span class='ocrx_word' id='word_1_70' title='bbox 865 1371 942 1435; x_wconf 90' lang='lat' dir='ltr'><strong>nihil</strong></span> <span class='ocrx_word' id='word_1_71' title='bbox 965 1375 1004 1438; x_wconf 91' lang='lat' dir='ltr'><strong>ad</strong></span> <span class='ocrx_word' id='word_1_72' title='bbox 1027 1372 1200 1438; x_wconf 82' lang='lat' dir='ltr'><strong>difficultates</strong></span> 
     </span>
     <span class='ocr_line' id='line_1_11' title="bbox 173 1476 1199 1560; baseline 0.001 -17"><span class='ocrx_word' id='word_1_73' title='bbox 173 1479 234 1545; x_wconf 85' lang='lat' dir='ltr'><strong>luci</strong></span> <span class='ocrx_word' id='word_1_74' title='bbox 257 1477 407 1542; x_wconf 84' lang='lat' dir='ltr'><strong>tollendas</strong></span> <span class='ocrx_word' id='word_1_75' title='bbox 428 1494 525 1558; x_wconf 90' lang='lat' dir='ltr'><strong>neque</strong></span> <span class='ocrx_word' id='word_1_76' title='bbox 549 1476 740 1557; x_wconf 82' lang='lat' dir='ltr'><strong>explicandas</strong></span> <span class='ocrx_word' id='word_1_77' title='bbox 763 1477 929 1559; x_wconf 71' lang='lat' dir='ltr'><strong>conferant,</strong></span> <span class='ocrx_word' id='word_1_78' title='bbox 968 1480 1077 1544; x_wconf 85' lang='lat' dir='ltr'><strong>afferre</strong></span> <span class='ocrx_word' id='word_1_79' title='bbox 1100 1481 1199 1560; x_wconf 76' lang='lat' dir='ltr'><strong>longum</strong></span> 
     </span>
     <span class='ocr_line' id='line_1_12' title="bbox 172 1581 1199 1653; baseline -0.007 0"><span class='ocrx_word' id='word_1_80' title='bbox 172 1591 230 1653; x_wconf 86' lang='lat' dir='ltr'><strong>est.</strong></span> <span class='ocrx_word' id='word_1_81' title='bbox 287 1584 395 1648; x_wconf 85' lang='lat' dir='ltr'>Verbis</span> <span class='ocrx_word' id='word_1_82' title='bbox 428 1581 521 1646; x_wconf 84' lang='lat' dir='ltr'><strong>modo</strong></span> <span class='ocrx_word' id='word_1_83' title='bbox 551 1582 611 1646; x_wconf 83' lang='lat' dir='ltr'><strong>sub</strong></span> <span class='ocrx_word' id='word_1_84' title='bbox 639 1582 741 1648; x_wconf 77' lang='lat' dir='ltr'><strong>lodice</strong></span> <span class='ocrx_word' id='word_1_85' title='bbox 768 1584 893 1648; x_wconf 79' lang='lat' dir='ltr'><strong>relictis</strong></span> <span class='ocrx_word' id='word_1_86' title='bbox 920 1584 1032 1651; x_wconf 80' lang='lat' dir='ltr'><strong>Uteris</strong></span> <span class='ocrx_word' id='word_1_87' title='bbox 1064 1581 1199 1650; x_wconf 76' lang='lat' dir='ltr'><strong>interdu</strong></span> 
     </span>
     <span class='ocr_line' id='line_1_13' title="bbox 175 1689 1197 1774; baseline 0.001 -16"><span class='ocrx_word' id='word_1_88' title='bbox 175 1690 323 1758; x_wconf 87' lang='lat' dir='ltr'><strong>enarratis</strong></span> <span class='ocrx_word' id='word_1_89' title='bbox 345 1690 492 1754; x_wconf 82' lang='lat' dir='ltr'><strong>omniase</strong></span> <span class='ocrx_word' id='word_1_90' title='bbox 511 1689 678 1771; x_wconf 82' lang='lat' dir='ltr'><strong>expedient.</strong></span> <span class='ocrx_word' id='word_1_91' title='bbox 722 1692 1197 1774; x_wconf 77' lang='lat' dir='ltr'><strong>Rupertiusveteresinterprctu</strong></span> 
     </span>
     <span class='ocr_line' id='line_1_14' title="bbox 173 1793 1199 1882; baseline -0.01 -17"><span class='ocrx_word' id='word_1_92' title='bbox 173 1798 326 1882; x_wconf 86' lang='lat' dir='ltr'><strong>imprimis</strong></span> <span class='ocrx_word' id='word_1_93' title='bbox 349 1796 571 1872; x_wconf 87' lang='lat' dir='ltr'><strong>Britannicum,</strong></span> <span class='ocrx_word' id='word_1_94' title='bbox 594 1815 724 1879; x_wconf 85' lang='lat' dir='ltr'><strong>sequens</strong></span> <span class='ocrx_word' id='word_1_95' title='bbox 746 1816 781 1862; x_wconf 92' lang='lat' dir='ltr'><strong>ea</strong></span> <span class='ocrx_word' id='word_1_96' title='bbox 804 1798 848 1862; x_wconf 89' lang='lat' dir='ltr'><strong>sic</strong></span> <span class='ocrx_word' id='word_1_97' title='bbox 870 1803 1007 1863; x_wconf 79' lang='lat' dir='ltr'>enarrat:</span> <span class='ocrx_word' id='word_1_98' title='bbox 1040 1799 1143 1864; x_wconf 82' lang='lat' dir='ltr'><strong>»modo</strong></span> <span class='ocrx_word' id='word_1_99' title='bbox 1159 1793 1199 1859; x_wconf 90' lang='lat' dir='ltr'><strong>sub</strong></span> 
     </span>
     <span class='ocr_line' id='line_1_15' title="bbox 174 1902 1199 1986; baseline -0.004 -13"><span class='ocrx_word' id='word_1_100' title='bbox 174 1908 273 1973; x_wconf 85' lang='lat' dir='ltr'><strong>lodice</strong></span> <span class='ocrx_word' id='word_1_101' title='bbox 295 1903 412 1967; x_wconf 89' lang='lat' dir='ltr'><strong>relictis</strong></span> <span class='ocrx_word' id='word_1_102' title='bbox 434 1903 464 1966; x_wconf 92' lang='lat' dir='ltr'><strong>h.</strong></span> <span class='ocrx_word' id='word_1_103' title='bbox 487 1920 512 1966; x_wconf 90' lang='lat' dir='ltr'><strong>e.</strong></span> <span class='ocrx_word' id='word_1_104' title='bbox 534 1902 643 1976; x_wconf 85' lang='lat' dir='ltr'><strong>verbis,</strong></span> <span class='ocrx_word' id='word_1_105' title='bbox 682 1903 790 1983; x_wconf 87' lang='lat' dir='ltr'><strong>quibus</strong></span> <span class='ocrx_word' id='word_1_106' title='bbox 822 1905 926 1986; x_wconf 89' lang='lat' dir='ltr'><strong>paulic</strong></span> <span class='ocrx_word' id='word_1_107' title='bbox 948 1909 1020 1969; x_wconf 82' lang='lat' dir='ltr'><strong>aute</strong></span> <span class='ocrx_word' id='word_1_108' title='bbox 1042 1907 1099 1971; x_wconf 91' lang='lat' dir='ltr'><strong>sub</strong></span> <span class='ocrx_word' id='word_1_109' title='bbox 1118 1902 1199 1969; x_wconf 78' lang='lat' dir='ltr'><strong>lodice</strong></span> 
     </span>
    </p>

    <p class='ocr_par' dir='ltr' id='par_1_7' title="bbox 173 2006 1273 3159">
     <span class='ocr_line' id='line_1_16' title="bbox 173 2006 1207 2094; baseline -0.007 -15"><span class='ocrx_word' id='word_1_110' title='bbox 173 2015 206 2079; x_wconf 91' lang='lat' dir='ltr'><strong>in</strong></span> <span class='ocrx_word' id='word_1_111' title='bbox 229 2006 319 2085; x_wconf 80' lang='lat' dir='ltr'><strong>lecto,</strong></span> <span class='ocrx_word' id='word_1_112' title='bbox 343 2028 462 2086; x_wconf 82' lang='lat' dir='ltr'><strong>usses,</strong></span> <span class='ocrx_word' id='word_1_113' title='bbox 485 2009 581 2072; x_wconf 81' lang='lat' dir='ltr'><strong>uteris</strong></span> <span class='ocrx_word' id='word_1_114' title='bbox 605 2008 637 2072; x_wconf 89' lang='lat' dir='ltr'><strong>in</strong></span> <span class='ocrx_word' id='word_1_115' title='bbox 660 2009 758 2086; x_wconf 84' lang='lat' dir='ltr'><strong>turba,</strong></span> <span class='ocrx_word' id='word_1_116' title='bbox 792 2014 880 2075; x_wconf 89' lang='lat' dir='ltr'><strong>coetu</strong></span> <span class='ocrx_word' id='word_1_117' title='bbox 902 2011 1072 2089; x_wconf 85' lang='lat' dir='ltr'><strong>hominum,</strong></span> <span class='ocrx_word' id='word_1_118' title='bbox 1095 2012 1207 2094; x_wconf 73' lang='lat' dir='ltr'><strong>paraus,</strong></span> 
     </span>
     <span class='ocr_line' id='line_1_17' title="bbox 174 2111 1273 2197; baseline -0.007 -12"><span class='ocrx_word' id='word_1_119' title='bbox 174 2121 258 2185; x_wconf 89' lang='lat' dir='ltr'><strong>Num</strong></span> <span class='ocrx_word' id='word_1_120' title='bbox 288 2117 349 2181; x_wconf 86' lang='lat' dir='ltr'><strong>tale</strong></span> <span class='ocrx_word' id='word_1_121' title='bbox 379 2115 542 2197; x_wconf 85' lang='lat' dir='ltr'><strong>quidquam</strong></span> <span class='ocrx_word' id='word_1_122' title='bbox 572 2115 632 2178; x_wconf 89' lang='lat' dir='ltr'><strong>dici</strong></span> <span class='ocrx_word' id='word_1_123' title='bbox 660 2116 795 2197; x_wconf 85' lang='lat' dir='ltr'><strong>potuisse</strong></span> <span class='ocrx_word' id='word_1_124' title='bbox 828 2117 971 2181; x_wconf 86' lang='lat' dir='ltr'><strong>credidit:</strong></span> <span class='ocrx_word' id='word_1_125' title='bbox 1009 2137 1101 2183; x_wconf 82' lang='lat' dir='ltr'><strong>enum</strong></span> <span class='ocrx_word' id='word_1_126' title='bbox 1132 2111 1203 2182; x_wconf 64' lang='lat' dir='ltr'><strong>verba</strong></span> <span class='ocrx_word' id='word_1_127' title='bbox 1269 2141 1273 2167; x_wconf 69' lang='grc' dir='ltr'><strong><em>ι</em></strong></span> 
     </span>
     <span class='ocr_line' id='line_1_18' title="bbox 174 2215 1210 2306; baseline -0.003 -15"><span class='ocrx_word' id='word_1_128' title='bbox 174 2227 231 2291; x_wconf 93' lang='lat' dir='ltr'><strong>sub</strong></span> <span class='ocrx_word' id='word_1_129' title='bbox 253 2225 351 2289; x_wconf 87' lang='lat' dir='ltr'><strong>lodice</strong></span> <span class='ocrx_word' id='word_1_130' title='bbox 374 2223 543 2304; x_wconf 86' lang='lat' dir='ltr'>relinquere</span> <span class='ocrx_word' id='word_1_131' title='bbox 566 2227 597 2286; x_wconf 91' lang='lat' dir='ltr'><strong>ct</strong></span> <span class='ocrx_word' id='word_1_132' title='bbox 618 2224 721 2285; x_wconf 85' lang='lat' dir='ltr'><strong>tamen</strong></span> <span class='ocrx_word' id='word_1_133' title='bbox 744 2223 846 2304; x_wconf 84' lang='lat' dir='ltr'><strong>paullo</strong></span> <span class='ocrx_word' id='word_1_134' title='bbox 869 2226 1071 2305; x_wconf 76' lang='lat' dir='ltr'><strong>postremis,</strong></span> <span class='ocrx_word' id='word_1_135' title='bbox 1104 2242 1164 2306; x_wconf 85' lang='lat' dir='ltr'><strong>quae</strong></span> <span class='ocrx_word' id='word_1_136' title='bbox 1182 2215 1210 2278; x_wconf 68' lang='lat' dir='ltr'><strong>&#39;1ss</strong></span> 
     </span>
     <span class='ocr_line' id='line_1_19' title="bbox 173 2329 1216 2412; baseline -0.003 -14"><span class='ocrx_word' id='word_1_137' title='bbox 173 2335 253 2400; x_wconf 86' lang='lat' dir='ltr'><strong>lecte</strong></span> <span class='ocrx_word' id='word_1_138' title='bbox 275 2332 351 2395; x_wconf 89' lang='lat' dir='ltr'><strong>mire</strong></span> <span class='ocrx_word' id='word_1_139' title='bbox 376 2329 541 2412; x_wconf 87' lang='lat' dir='ltr'><strong>reliquerit,</strong></span> <span class='ocrx_word' id='word_1_140' title='bbox 570 2330 602 2391; x_wconf 85' lang='lat' dir='ltr'><strong>in</strong></span> <span class='ocrx_word' id='word_1_141' title='bbox 632 2329 723 2392; x_wconf 85' lang='lat' dir='ltr'><strong>turba</strong></span> <span class='ocrx_word' id='word_1_142' title='bbox 744 2329 899 2393; x_wconf 88' lang='lat' dir='ltr'><strong>hominum</strong></span> <span class='ocrx_word' id='word_1_143' title='bbox 924 2331 995 2394; x_wconf 80' lang='lat' dir='ltr'><strong>uti?</strong></span> <span class='ocrx_word' id='word_1_144' title='bbox 1038 2332 1114 2396; x_wconf 89' lang='lat' dir='ltr'><strong>Haec</strong></span> <span class='ocrx_word' id='word_1_145' title='bbox 1135 2336 1216 2395; x_wconf 65' lang='lat' dir='ltr'><strong>enai·</strong></span> 
     </span>
     <span class='ocr_line' id='line_1_20' title="bbox 174 2435 1225 2514; baseline -0.007 -9"><span class='ocrx_word' id='word_1_146' title='bbox 174 2442 253 2505; x_wconf 82' lang='lat' dir='ltr'><strong>ratic</strong></span> <span class='ocrx_word' id='word_1_147' title='bbox 275 2440 350 2503; x_wconf 89' lang='lat' dir='ltr'><strong>adeo</strong></span> <span class='ocrx_word' id='word_1_148' title='bbox 372 2437 455 2500; x_wconf 87' lang='lat' dir='ltr'><strong>omni</strong></span> <span class='ocrx_word' id='word_1_149' title='bbox 477 2454 568 2499; x_wconf 87' lang='lat' dir='ltr'><strong>seusu</strong></span> <span class='ocrx_word' id='word_1_150' title='bbox 591 2437 740 2499; x_wconf 88' lang='lat' dir='ltr'><strong>destituta</strong></span> <span class='ocrx_word' id='word_1_151' title='bbox 763 2438 820 2514; x_wconf 67' lang='lat' dir='ltr'><strong>est</strong></span> <span class='ocrx_word' id='word_1_152' title='bbox 843 2440 880 2500; x_wconf 87' lang='lat' dir='ltr'><strong>ut</strong></span> <span class='ocrx_word' id='word_1_153' title='bbox 894 2454 962 2500; x_wconf 85' lang='lat' dir='ltr'><strong>eam</strong></span> <span class='ocrx_word' id='word_1_154' title='bbox 977 2435 1225 2503; x_wconf 75' lang='lat' dir='ltr'><strong>crecentioribus</strong></span> 
     </span>
     <span class='ocr_line' id='line_1_21' title="bbox 175 2539 1232 2632; baseline -0.002 -20"><span class='ocrx_word' id='word_1_155' title='bbox 175 2548 272 2632; x_wconf 85' lang='lat' dir='ltr'><strong>accipi</strong></span> <span class='ocrx_word' id='word_1_156' title='bbox 290 2547 360 2628; x_wconf 89' lang='lat' dir='ltr'><strong>jure</strong></span> <span class='ocrx_word' id='word_1_157' title='bbox 387 2543 542 2607; x_wconf 89' lang='lat' dir='ltr'><strong>miremur.</strong></span> <span class='ocrx_word' id='word_1_158' title='bbox 603 2542 799 2606; x_wconf 86' lang='lat' dir='ltr'><strong>Heinrichius</strong></span> <span class='ocrx_word' id='word_1_159' title='bbox 833 2543 941 2607; x_wconf 81' lang='lat' dir='ltr'><strong>audaci</strong></span> <span class='ocrx_word' id='word_1_160' title='bbox 975 2547 1078 2627; x_wconf 87' lang='lat' dir='ltr'><strong>gladic</strong></span> <span class='ocrx_word' id='word_1_161' title='bbox 1111 2539 1232 2610; x_wconf 73' lang='lat' dir='ltr'><strong>nodtlm</strong></span> 
     </span>
     <span class='ocr_line' id='line_1_22' title="bbox 175 2645 1238 2735; baseline -0.002 -16"><span class='ocrx_word' id='word_1_162' title='bbox 175 2653 320 2719; x_wconf 76' lang='lat' dir='ltr'><strong>concidit:</strong></span> <span class='ocrx_word' id='word_1_163' title='bbox 343 2650 487 2714; x_wconf 87' lang='lat' dir='ltr'><strong>miseram</strong></span> <span class='ocrx_word' id='word_1_164' title='bbox 511 2649 695 2713; x_wconf 85' lang='lat' dir='ltr'><strong>sententiam</strong></span> <span class='ocrx_word' id='word_1_165' title='bbox 718 2668 736 2712; x_wconf 91' lang='lat' dir='ltr'><strong>a</strong></span> <span class='ocrx_word' id='word_1_166' title='bbox 758 2649 905 2713; x_wconf 86' lang='lat' dir='ltr'><strong>monachu</strong></span> <span class='ocrx_word' id='word_1_167' title='bbox 929 2653 1058 2732; x_wconf 89' lang='lat' dir='ltr'><strong>quodam</strong></span> <span class='ocrx_word' id='word_1_168' title='bbox 1074 2659 1106 2716; x_wconf 88' lang='lat' dir='ltr'><strong>et</strong></span> <span class='ocrx_word' id='word_1_169' title='bbox 1120 2645 1238 2735; x_wconf 53' lang='lat' dir='ltr'><strong>supfi‘·</strong></span> 
     </span>
     <span class='ocr_line' id='line_1_23' title="bbox 176 2733 1242 2836; baseline 0.002 -13"><span class='ocrx_word' id='word_1_170' title='bbox 176 2779 243 2823; x_wconf 80' lang='lat' dir='ltr'><strong>coc</strong></span> <span class='ocrx_word' id='word_1_171' title='bbox 265 2761 313 2822; x_wconf 79' lang='lat' dir='ltr'><strong>est</strong></span> <span class='ocrx_word' id='word_1_172' title='bbox 333 2758 386 2821; x_wconf 77' lang='lat' dir='ltr'><strong>hic</strong></span> <span class='ocrx_word' id='word_1_173' title='bbox 407 2774 510 2820; x_wconf 81' lang='lat' dir='ltr'><strong>sermo</strong></span> <span class='ocrx_word' id='word_1_174' title='bbox 528 2754 673 2836; x_wconf 77' lang='lat' dir='ltr'><strong>pudicus</strong></span> <span class='ocrx_word' id='word_1_175' title='bbox 695 2755 739 2820; x_wconf 80' lang='lat' dir='ltr'><strong>In</strong></span> <span class='ocrx_word' id='word_1_176' title='bbox 761 2756 871 2820; x_wconf 80' lang='lat' dir='ltr'><strong>uetula</strong></span> <span class='ocrx_word' id='word_1_177' title='bbox 895 2762 926 2821; x_wconf 89' lang='lat' dir='ltr'><strong>et</strong></span> <span class='ocrx_word' id='word_1_178' title='bbox 947 2758 1005 2822; x_wconf 88' lang='lat' dir='ltr'><strong>hcc</strong></span> <span class='ocrx_word' id='word_1_179' title='bbox 1025 2759 1109 2824; x_wconf 86' lang='lat' dir='ltr'><strong>lucc:</strong></span> <span class='ocrx_word' id='word_1_180' title='bbox 1131 2733 1242 2824; x_wconf 51' lang='lat' dir='ltr'><strong>caroffi</strong></span> 
     </span>
     <span class='ocr_line' id='line_1_24' title="bbox 175 2841 1250 2931; baseline 0.001 -2"><span class='ocrx_word' id='word_1_181' title='bbox 175 2866 235 2931; x_wconf 79' lang='lat' dir='ltr'><strong>sub</strong></span> <span class='ocrx_word' id='word_1_182' title='bbox 258 2865 359 2929; x_wconf 85' lang='lat' dir='ltr'><strong>lodice</strong></span> <span class='ocrx_word' id='word_1_183' title='bbox 380 2863 504 2928; x_wconf 78' lang='lat' dir='ltr'><strong>relictis</strong></span> <span class='ocrx_word' id='word_1_184' title='bbox 532 2861 640 2928; x_wconf 80' lang='lat' dir='ltr'><strong>Uteris</strong></span> <span class='ocrx_word' id='word_1_185' title='bbox 664 2863 702 2926; x_wconf 78' lang='lat' dir='ltr'><strong>ic</strong></span> <span class='ocrx_word' id='word_1_186' title='bbox 730 2864 827 2927; x_wconf 78' lang='lat' dir='ltr'><strong>turba</strong></span> <span class='ocrx_word' id='word_1_187' title='bbox 860 2864 1006 2929; x_wconf 85' lang='lat' dir='ltr'><strong>insertam</strong></span> <span class='ocrx_word' id='word_1_188' title='bbox 1041 2884 1107 2930; x_wconf 88' lang='lat' dir='ltr'><strong>esse</strong></span> <span class='ocrx_word' id='word_1_189' title='bbox 1141 2841 1250 2930; x_wconf 61' lang='lat' dir='ltr'><strong>dis?stt</strong></span> 
     </span>
     <span class='ocr_line' id='line_1_25' title="bbox 177 2959 1260 3057; baseline -0.006 -19"><span class='ocrx_word' id='word_1_190' title='bbox 177 2993 231 3057; x_wconf 85' lang='lat' dir='ltr'><strong>pro</strong></span> <span class='ocrx_word' id='word_1_191' title='bbox 253 2973 379 3055; x_wconf 79' lang='lat' dir='ltr'><strong>quoties</strong></span> <span class='ocrx_word' id='word_1_192' title='bbox 402 2972 505 3046; x_wconf 64' lang='lat' dir='ltr'><strong>toties</strong></span> <span class='ocrx_word' id='word_1_193' title='bbox 528 2986 582 3051; x_wconf 87' lang='lat' dir='ltr'><strong>pru</strong></span> <span class='ocrx_word' id='word_1_194' title='bbox 603 2969 779 3036; x_wconf 73' lang='lat' dir='ltr'><strong>interuenit</strong></span> <span class='ocrx_word' id='word_1_195' title='bbox 799 2971 972 3035; x_wconf 75' lang='lat' dir='ltr'><strong>interseris</strong></span> <span class='ocrx_word' id='word_1_196' title='bbox 994 2989 1029 3035; x_wconf 83' lang='lat' dir='ltr'><strong>ex</strong></span> <span class='ocrx_word' id='word_1_197' title='bbox 1052 2959 1260 3054; x_wconf 53' lang='lat' dir='ltr'><strong>cruentare</strong></span> 
     </span>
     <span class='ocr_line' id='line_1_26' title="bbox 177 3077 876 3159; baseline -0.011 -12"><span class='ocrx_word' id='word_1_198' title='bbox 177 3081 337 3146; x_wconf 81' lang='lat' dir='ltr'><strong>substituit</strong></span> <span class='ocrx_word' id='word_1_199' title='bbox 359 3079 457 3144; x_wconf 86' lang='lat' dir='ltr'><strong>etsie</strong></span> <span class='ocrx_word' id='word_1_200' title='bbox 479 3077 642 3159; x_wconf 86' lang='lat' dir='ltr'><strong>legendum</strong></span> <span class='ocrx_word' id='word_1_201' title='bbox 665 3095 731 3140; x_wconf 84' lang='lat' dir='ltr'><strong>esse</strong></span> <span class='ocrx_word' id='word_1_202' title='bbox 754 3080 876 3141; x_wconf 83' lang='lat' dir='ltr'><strong>censet:</strong></span> 
     </span>
    </p>
   </div>
   <div class='ocr_carea' id='block_1_5' title="bbox 223 3227 1123 3419">
    <p class='ocr_par' dir='ltr' id='par_1_8' title="bbox 223 3227 1123 3419">
     <span class='ocr_line' id='line_1_27' title="bbox 224 3227 1122 3311; baseline -0.002 -15"><span class='ocrx_word' id='word_1_203' title='bbox 224 3231 446 3296; x_wconf 80' lang='lat' dir='ltr'><strong>Ooccumbuct</strong></span> <span class='ocrx_word' id='word_1_204' title='bbox 472 3229 592 3294; x_wconf 61' lang='grc' dir='ltr'><strong>(ἔπεσε.</strong></span> <span class='ocrx_word' id='word_1_205' title='bbox 638 3227 752 3291; x_wconf 77' lang='lat' dir='ltr'><strong>Donec</strong></span> <span class='ocrx_word' id='word_1_206' title='bbox 774 3231 882 3293; x_wconf 79' lang='lat' dir='ltr'><strong>tamen</strong></span> <span class='ocrx_word' id='word_1_207' title='bbox 904 3230 972 3292; x_wconf 79' lang='lat' dir='ltr'><strong>istc</strong></span> <span class='ocrx_word' id='word_1_208' title='bbox 987 3230 1122 3311; x_wconf 74' lang='lat' dir='ltr'><strong>puellis.</strong></span> 
     </span>
     <span class='ocr_line' id='line_1_28' title="bbox 223 3337 1123 3419; baseline 0 -17"><span class='ocrx_word' id='word_1_209' title='bbox 223 3338 443 3415; x_wconf 72' lang='lat' dir='ltr'><strong>Peucetiam,</strong></span> <span class='ocrx_word' id='word_1_210' title='bbox 468 3357 566 3416; x_wconf 78' lang='lat' dir='ltr'><strong>quum</strong></span> <span class='ocrx_word' id='word_1_211' title='bbox 587 3338 699 3399; x_wconf 78' lang='lat' dir='ltr'><strong>sextus</strong></span> <span class='ocrx_word' id='word_1_212' title='bbox 722 3338 753 3398; x_wconf 80' lang='lat' dir='ltr'><strong>et</strong></span> <span class='ocrx_word' id='word_1_213' title='bbox 774 3337 989 3419; x_wconf 72' lang='lat' dir='ltr'><strong>octoyeet‘mus</strong></span> <span class='ocrx_word' id='word_1_214' title='bbox 1012 3358 1123 3404; x_wconf 75' lang='lat' dir='ltr'><strong>unaue</strong></span> 
     </span>
    </p>
   </div>
   <div class='ocr_carea' id='block_1_6' title="bbox 221 3441 1079 3634">
    <p class='ocr_par' dir='ltr' id='par_1_9' title="bbox 221 3441 1079 3634">
     <span class='ocr_line' id='line_1_29' title="bbox 221 3441 1079 3521; baseline -0.001 -13"><span class='ocrx_word' id='word_1_215' title='bbox 221 3443 350 3521; x_wconf 75' lang='lat' dir='ltr'><strong>Pateat,</strong></span> <span class='ocrx_word' id='word_1_216' title='bbox 373 3443 480 3507; x_wconf 77' lang='lat' dir='ltr'><strong>adhuc</strong></span> <span class='ocrx_word' id='word_1_217' title='bbox 502 3444 596 3507; x_wconf 80' lang='lat' dir='ltr'><strong>toties</strong></span> <span class='ocrx_word' id='word_1_218' title='bbox 620 3441 778 3505; x_wconf 75' lang='lat' dir='ltr'><strong>lascivum</strong></span> <span class='ocrx_word' id='word_1_219' title='bbox 799 3444 970 3508; x_wconf 77' lang='lat' dir='ltr'><strong>interseris</strong></span> <span class='ocrx_word' id='word_1_220' title='bbox 991 3442 1079 3507; x_wconf 79' lang='lat' dir='ltr'><strong>illud</strong></span> 
     </span>
     <span class='ocr_line' id='line_1_30' title="bbox 221 3549 484 3634; baseline 0.004 -24"><span class='ocrx_word' id='word_1_221' title='bbox 221 3551 290 3631; x_wconf 68' lang='grc' dir='ltr'><strong>Ζωὴ</strong></span> <span class='ocrx_word' id='word_1_222' title='bbox 312 3553 359 3610; x_wconf 76' lang='grc' dir='ltr'><strong>καὶ</strong></span> <span class='ocrx_word' id='word_1_223' title='bbox 381 3549 484 3634; x_wconf 58' lang='grc' dir='ltr'><strong>ψυχῆὲ</strong></span> 
     </span>
    </p>
   </div>
   <div class='ocr_carea' id='block_1_7' title="bbox 172 3708 1271 4126">
    <p class='ocr_par' dir='ltr' id='par_1_10' title="bbox 172 3708 1271 4126">
     <span class='ocr_line' id='line_1_31' title="bbox 180 3708 1271 3785; baseline 0.005 -4"><span class='ocrx_word' id='word_1_224' title='bbox 180 3717 281 3781; x_wconf 87' lang='lat' dir='ltr'><strong>Nimis</strong></span> <span class='ocrx_word' id='word_1_225' title='bbox 305 3719 418 3782; x_wconf 85' lang='lat' dir='ltr'><strong>violeus</strong></span> <span class='ocrx_word' id='word_1_226' title='bbox 441 3722 489 3782; x_wconf 86' lang='lat' dir='ltr'><strong>cst</strong></span> <span class='ocrx_word' id='word_1_227' title='bbox 510 3719 568 3782; x_wconf 88' lang='lat' dir='ltr'><strong>hoc</strong></span> <span class='ocrx_word' id='word_1_228' title='bbox 590 3717 767 3782; x_wconf 86' lang='lat' dir='ltr'><strong>remedium.</strong></span> <span class='ocrx_word' id='word_1_229' title='bbox 813 3719 934 3782; x_wconf 87' lang='lat' dir='ltr'><strong>Miserae</strong></span> <span class='ocrx_word' id='word_1_230' title='bbox 957 3721 1118 3785; x_wconf 83' lang='lat' dir='ltr'><strong>sententiae</strong></span> <span class='ocrx_word' id='word_1_231' title='bbox 1133 3708 1271 3785; x_wconf 57' lang='lat' dir='ltr'><strong>cml</strong></span> 
     </span>
     <span class='ocr_line' id='line_1_32' title="bbox 179 3817 1271 3911; baseline 0.004 -22"><span class='ocrx_word' id='word_1_232' title='bbox 179 3824 285 3890; x_wconf 85' lang='lat' dir='ltr'><strong>rachis</strong></span> <span class='ocrx_word' id='word_1_233' title='bbox 296 3825 418 3890; x_wconf 85' lang='lat' dir='ltr'><strong>insertae</strong></span> <span class='ocrx_word' id='word_1_234' title='bbox 433 3825 629 3889; x_wconf 89' lang='lat' dir='ltr'><strong>inveniuntur</strong></span> <span class='ocrx_word' id='word_1_235' title='bbox 642 3825 704 3888; x_wconf 84' lang='lat' dir='ltr'><strong>illae</strong></span> <span class='ocrx_word' id='word_1_236' title='bbox 717 3825 837 3907; x_wconf 88' lang='lat' dir='ltr'><strong>quidem</strong></span> <span class='ocrx_word' id='word_1_237' title='bbox 850 3826 1013 3903; x_wconf 86' lang='lat' dir='ltr'><strong>interdum,</strong></span> <span class='ocrx_word' id='word_1_238' title='bbox 1037 3828 1100 3903; x_wconf 87' lang='lat' dir='ltr'><strong>ubi,</strong></span> <span class='ocrx_word' id='word_1_239' title='bbox 1113 3830 1201 3911; x_wconf 87' lang='lat' dir='ltr'><strong>opino</strong></span> <span class='ocrx_word' id='word_1_240' title='bbox 1218 3817 1271 3861; x_wconf 45' lang='grc' dir='ltr'><em>Ι</em></span> 
     </span>
     <span class='ocr_line' id='line_1_33' title="bbox 178 3915 1271 4018; baseline 0.004 -22"><span class='ocrx_word' id='word_1_241' title='bbox 178 3932 211 3996; x_wconf 89' lang='lat' dir='ltr'><strong>in</strong></span> <span class='ocrx_word' id='word_1_242' title='bbox 233 3931 311 3996; x_wconf 85' lang='lat' dir='ltr'><strong>tales</strong></span> <span class='ocrx_word' id='word_1_243' title='bbox 334 3931 513 4007; x_wconf 86' lang='lat' dir='ltr'><strong>inciderunt,</strong></span> <span class='ocrx_word' id='word_1_244' title='bbox 537 3933 589 3995; x_wconf 87' lang='lat' dir='ltr'><strong>scd</strong></span> <span class='ocrx_word' id='word_1_245' title='bbox 609 3932 742 3996; x_wconf 85' lang='lat' dir='ltr'><strong>hocloco</strong></span> <span class='ocrx_word' id='word_1_246' title='bbox 755 3951 813 3995; x_wconf 85' lang='lat' dir='ltr'><strong>non</strong></span> <span class='ocrx_word' id='word_1_247' title='bbox 828 3933 925 3997; x_wconf 89' lang='lat' dir='ltr'><strong>solum</strong></span> <span class='ocrx_word' id='word_1_248' title='bbox 942 3952 1083 3998; x_wconf 84' lang='lat' dir='ltr'><strong>versuum</strong></span> <span class='ocrx_word' id='word_1_249' title='bbox 1099 3915 1271 4018; x_wconf 44' lang='lat' dir='ltr'><strong>quatu&amp;</strong></span> 
     </span>
     <span class='ocr_line' id='line_1_34' title="bbox 172 4026 1271 4126; baseline -0.002 -20"><span class='ocrx_word' id='word_1_250' title='bbox 172 4041 270 4106; x_wconf 70' lang='lat' dir='ltr'><strong>tante</strong></span> <span class='ocrx_word' id='word_1_251' title='bbox 287 4044 404 4126; x_wconf 73' lang='lat' dir='ltr'><strong>partes</strong></span> <span class='ocrx_word' id='word_1_252' title='bbox 430 4059 499 4126; x_wconf 86' lang='lat' dir='ltr'><strong>quae</strong></span> <span class='ocrx_word' id='word_1_253' title='bbox 514 4039 690 4126; x_wconf 83' lang='lat' dir='ltr'><strong>conjunctae</strong></span> <span class='ocrx_word' id='word_1_254' title='bbox 713 4040 790 4103; x_wconf 87' lang='lat' dir='ltr'><strong>duus</strong></span> <span class='ocrx_word' id='word_1_255' title='bbox 810 4057 920 4102; x_wconf 79' lang='lat' dir='ltr'><strong>uersus</strong></span> <span class='ocrx_word' id='word_1_256' title='bbox 938 4040 1086 4121; x_wconf 60' lang='lat' dir='ltr'><strong>imuteut„</strong></span> <span class='ocrx_word' id='word_1_257' title='bbox 1103 4026 1271 4120; x_wconf 63' lang='lat' dir='ltr'><strong>uuuuu)</strong></span> 
     </span>
    </p>
   </div>
   <div class='ocr_carea' id='block_1_8' title="bbox 0 0 1296 4404">
    <p class='ocr_par' dir='ltr' id='par_1_11' title="bbox 0 0 1296 4404">
     <span class='ocr_line' id='line_1_35' title="bbox 0 0 1296 4404; baseline 0 0"><span class='ocrx_word' id='word_1_258' title='bbox 0 0 1296 4404; x_wconf 95' lang='lat' dir='ltr'><strong> </strong></span> 
     </span>
    </p>
   </div>
  </div>
 </body>
</html>
