2566 4404
325 211 380 264 'De
400 210 598 277 interrogandi
616 211 713 265 torma.
992 218 1049 281 171

138 421 190 491 ›r);
214 414 283 488 vll,
305 417 347 480 59
359 413 473 493 Neque
494 415 580 479 enim
602 418 737 478 eantare
753 414 814 479 aab
826 420 925 481 antro
938 417 1051 483 Pierio

136 541 209 601 tque
230 523 294 602 (oe)
310 524 422 601 potest
442 523 636 603 contingere,
659 523 696 585 de
718 522 830 603 quibus
849 519 907 588 hoo
930 528 1052 590 tantum

140 646 208 692 meo
236 629 273 692 do
295 627 455 693 Juvenalis
475 628 619 710 loquendi
641 647 699 692 usn
722 628 836 710 judioio
869 631 1049 712 particulam

135 735 178 799 lto
199 735 298 818 magis
319 734 448 817 plaeere.

134 841 315 905 >nominibus
337 841 577 924 interrogativa,
612 859 680 922 quae
703 843 776 904 sunt
802 845 890 914 uter.
925 849 1049 920 neuter,

134 947 161 1011 is
183 964 257 1010 usus
281 966 339 1010 non
367 950 428 1020 est,
451 951 483 1011 et
511 965 564 1028 pro
592 947 630 1010 iis
652 964 817 1029 pronomen
841 950 916 1028 quta
937 948 1049 1031 ubique
1154 1016 1159 1025 ,

133 1110 135 1116 ,
157 1058 220 1118 ost:
244 1053 329 1126 VIII,
356 1056 416 1119 195
438 1051 546 1133 Finge
569 1056 678 1118 tumen
697 1053 830 1134 gladios
851 1054 929 1119 inde
951 1059 1050 1135 moue

132 1159 236 1241 ulpita
258 1158 369 1240 poni?
416 1158 503 1240 Quid
522 1159 657 1222 sotius?
699 1161 744 1234 Χ,
774 1162 837 1228 338
863 1160 950 1242 Quid
972 1161 1048 1242 plo-

131 1268 173 1345 fo;
195 1268 244 1330 Ni
260 1286 383 1347 parere
396 1264 486 1340 velis,
495 1267 703 1346 pereundum
719 1271 767 1330 est
788 1272 866 1333 ante
888 1267 1048 1346 lucernas,

131 1393 164 1436 rs
188 1373 361 1449 admittas,
384 1372 516 1437 dabitur
538 1392 631 1436 mora
655 1373 812 1453 paruula.
860 1376 1050 1460 Nominatiri

130 1480 181 1543 *nis
194 1479 401 1561 interrogativi
417 1480 522 1551 forma,
546 1498 612 1560 quae
624 1486 672 1544 est
684 1481 750 1560 qui.
774 1482 854 1562 apud
865 1483 1049 1547 Iuvenalem

129 1587 288 1650 roodioum
301 1585 486 1649 diisensione
498 1585 530 1648 in
541 1586 779 1668 interrogatione
794 1589 938 1669 pendenti
954 1591 1049 1653 semol

129 1693 277 1756 invenitur
311 1692 384 1770 (VI,
417 1694 508 1768 bili:
547 1692 611 1772 Qui
643 1694 764 1756 mensis
797 1693 942 1767 domato,
977 1715 1049 1774 qua
1091 1705 1094 1709 ’

139 1803 284 1880 temporo
307 1798 412 1875 lucrm
445 1799 478 1862 iu
500 1802 557 1863 sat.
580 1800 624 1862 XI
652 1819 680 1862 u.
703 1801 745 1865 93
771 1799 814 1863 Te
835 1800 974 1874 consule,
996 1802 1049 1866 dio

126 1908 167 1969 ra's
190 1908 276 1987 (qni)
298 1908 357 1982 sis,
379 1905 498 1969 oodioes
526 1905 727 1979 dissentiunt,
749 1907 891 1970 omnibns
923 1908 1049 1989 reliquis

126 2018 139 2076 t
171 2013 203 2077 in
236 2011 523 2094 interrogationibus
557 2011 681 2074 direntis
714 2015 746 2075 et
778 2013 810 2074 in
846 2013 1048 2095 pendentibus

125 2120 217 2202 gitur.
263 2121 308 2184 De
341 2138 399 2182 usu
421 2119 501 2199 apud
523 2121 628 2198 poetas
658 2119 841 2195 formarum,
875 2140 942 2202 quae
976 2124 1048 2185 sunt

124 2246 130 2289 ;
152 2228 223 2307 qui,
254 2225 327 2307 quia
349 2224 673 2305 oodioessoriptnram
695 2225 799 2290 crebro
821 2227 955 2307 uariant,
989 2229 1047 2292 dis-

124 2353 135 2405 ·‚
158 2333 301 2397 etruriae
324 2331 482 2417 opiniones
506 2332 659 2407 feruntur,
682 2350 750 2412 quae
773 2349 789 2394 e
812 2332 975 2398 subtilibus
998 2336 1048 2410 (de

123 2459 141 2503 ,s
165 2441 265 2512 variis,
288 2440 324 2502 de
336 2438 474 2502 membro
495 2438 646 2520 adjuncto,
670 2438 706 2500 de
730 2438 913 2502 substantivi
935 2442 1047 2523 adjecti

122 2594 127 2622 ,
151 2546 187 2608 de
212 2545 301 2609 verbo
325 2545 453 2620 omisso,
477 2545 513 2607 de
536 2544 697 2607 sententia
719 2562 875 2620 mensura,
899 2547 935 2610 de
957 2549 1047 2613 rebus

121 2672 128 2714 ι
157 2652 380 2736 expediendam
410 2650 589 2736 plerumque
622 2650 794 2730 inutilibus)
829 2654 1047 2732 quaestionibus

120 2778 135 2821 n
159 2763 276 2839 partem
299 2760 444 2839 protentae
465 2760 546 2820 sunt.
591 2757 626 2818 In
642 2757 879 2839 interrogatione
902 2761 1044 2840 simplici,

119 2865 307 2946 botontinum
331 2863 520 2945 adjungitur,
549 2863 613 2926 sive
636 2880 800 2943 pronomen
822 2865 936 2928 nudum
960 2868 1045 2947 poui-

119 2990 182 3045 ma,
206 2990 273 3051 quae
297 2974 345 3034 est
368 2971 452 3050 quis,
475 2990 492 3034 a
514 2970 612 3051 poetis
630 2969 742 3049 ubique
758 2970 893 3034 adhiberi
917 2972 1045 3048 videtur,

122 3077 360 3158 interrogatione
383 3076 527 3158 pendenti
550 3077 671 3160 abiut
695 3076 838 3141 Horatius
861 3080 893 3141 et
920 3080 1045 3145 Persius

116 3228 127 3259 .,
152 3185 226 3264 quis
249 3185 374 3264 ponunt,
398 3183 460 3255 alii,
484 3186 519 3246 ut
532 3182 677 3264 Virgilius
700 3188 731 3246 et
745 3182 881 3261 Ovidius,
906 3186 1046 3266 formam,

117 3294 130 3353 t
152 3292 226 3371 qui,
260 3291 304 3354 ita
325 3290 467 3372 praeferre
490 3289 647 3365 videntur,
678 3290 713 3352 nt
735 3292 839 3353 tamen
861 3293 933 3355 anto
956 3310 1044 3358 voea-
1166 3368 1171 3375 ⁵

115 3397 137 3460 el
161 3397 209 3460 ubi
234 3415 344 3460 nomen
372 3397 472 3460 solum
493 3414 627 3478 personae
650 3399 704 3459 aut
727 3397 769 3459 rei
792 3398 954 3478 quaritur,
976 3400 1045 3464 ubi-

114 3506 131 3566 t
152 3504 183 3567 in
205 3505 266 3566 arsi
298 3504 462 3585 (imprimis
494 3503 585 3585 primi
617 3521 721 3566 versus
749 3504 835 3585 pedis
864 3505 918 3572 cfr.
941 3509 1044 3571 tamen

113 3611 176 3676 ten.
201 3611 254 3691 IV,
278 3613 355 3692 294)
380 3612 533 3674 interdum
567 3610 642 3688 puis
663 3614 785 3691 ponant.
828 3612 990 3677 Iuvenalis
1013 3616 1044 3678 in

112 3719 336 3783 rertaev.155:
354 3717 435 3796 Quis
452 3714 540 3780 oolor
551 3719 581 3778 et
594 3716 682 3795 qnod
702 3717 747 3779 sit
770 3737 878 3781 oousae
898 3739 1003 3799 genus
1016 3769 1043 3784 ..

111 3822 222 3886 volunt
230 3824 379 3886 omnesm
391 3822 630 3904 interrogatione
641 3824 785 3905 pendenti
798 3827 830 3887 et
839 3824 870 3888 iu
883 3826 971 3891 initio
980 3845 1043 3889 rer·

110 3931 248 4011 'sposuit
266 3949 418 4018 quumque
432 3928 507 4003 loeo,
522 3946 613 4009 quem
624 3948 716 4010 supra
735 3930 906 4008 oitarimus,
921 3936 1044 4013 excepto

108 4037 209 4099 rensr's
229 4037 373 4116 domnio,
398 4055 473 4120 qooe
497 4034 618 4102 dentur
642 4039 796 4121 temporo
812 4035 930 4116 tuerat
946 4037 1069 4098 uffin-
