2566 4404
109 218 175 283 210
476 215 520 267 De
538 213 695 267 mundone
715 213 802 267 modi.
918 194 922 203 ¹

195 416 406 501 Despiciam,
429 419 487 499 put
507 419 580 497 scit,
603 421 726 500 quanto
748 415 926 481 sublimior
945 417 1044 481 Atlas

199 525 357 592 Osonibus
379 527 419 590 r‘u
441 524 549 605 Labeo
568 526 616 589 sit
635 525 809 601 mustelas,
831 523 886 588 bic
907 529 1017 590 tumen
1036 525 1113 590 idem

194 633 340 716 Ipuoret
368 612 529 715 puuctum
542 632 680 715 ferrata
702 632 801 696 distet
821 633 863 696 ab
886 653 971 697 arca

196 741 367 806 Sostratus.

116 955 263 1020 Nonnulli
287 956 404 1020 codices
415 955 556 1037 Ipuorat
570 954 693 1035 habent„
715 955 769 1018 sed
790 956 901 1036 optimi
911 954 1057 1036 Ipnoret,
1077 971 1156 1034 quam
1201 967 1204 972 ·

79 1061 83 1068 ’
115 1062 295 1144 scripturam
308 1063 504 1127 Heinriohius
529 1062 585 1127 »ob
607 1061 765 1144 uulgarem
786 1063 947 1126 modorum
969 1060 1156 1145 varietatem«

115 1169 336 1252 praeferendam
351 1188 417 1234 esse
428 1173 542 1252 censet
574 1167 690 1231 Vemm
701 1169 859 1233 modorum
871 1169 1005 1232 varietas
1015 1169 1095 1249 apud
1108 1167 1159 1232 Ju-

113 1278 255 1341 venalem
277 1295 374 1358 neque
395 1275 531 1358 vulgaris
553 1280 721 1357 estusque
742 1275 807 1338 ulla
828 1275 951 1357 regula,
980 1275 1030 1339 cui
1052 1274 1160 1338 obtem-

115 1402 221 1467 perare
243 1384 356 1466 possis,
390 1384 568 1448 continetur.
611 1385 783 1447 Pronomen
811 1383 1088 1447 demonstrativum
1107 1379 1179 1454 lu'c,¹

115 1493 195 1573 quod
217 1491 350 1554 omnium
374 1491 510 1567 codicum
540 1507 689 1554 consensu
717 1488 906 1570 defenditur,
939 1490 1160 1554 insolentiorem

111 1599 292 1681 juncturam
315 1596 439 1679 praebet,
462 1597 516 1660 sed
537 1596 688 1678 particula
708 1596 933 1672 condicionalis,
955 1616 1050 1686 quam
1071 1615 1090 1661 a
1110 1595 1162 1660 Ju-

112 1707 221 1771 venale
234 1725 292 1770 non
316 1722 384 1769 raro
402 1705 547 1768 omissam
569 1721 635 1768 esse
653 1703 792 1778 uidimus,
809 1721 869 1767 non
887 1705 1041 1768 audienda
1057 1706 1112 1778 est
1136 1704 1163 1764 et

114 1812 213 1877 forma
224 1811 367 1876 orationis
379 1813 424 1875 ita
438 1811 602 1875 immutata
619 1815 675 1886 est,
695 1814 730 1874 ut
746 1810 899 1892 ignoratio
918 1829 986 1874 esse
1008 1812 1162 1875 statuatur.

120 1921 290 1983 Pronomen
307 1919 476 1999 relativum,
500 1935 559 1982 non
583 1918 682 1982 solum
705 1919 757 1982 ubi
768 1917 1081 1982 oratic'adversative
1102 1935 1162 1980 oon·

117 2027 264 2102 timetur,
287 2026 446 2108 sedetiam
469 2025 521 2088 irbi
546 2025 731 2089 nominativo
753 2027 801 2087 vel
824 2027 1002 2089 accusativo
1023 2043 1096 2088 casu
1117 2041 1164 2105 po

119 2135 211 2197 situm
228 2135 259 2196 in
283 2133 375 2197 simili
389 2133 542 2197 sententia
554 2133 650 2214 repeti
662 2133 711 2196 vel
734 2131 836 2195 omitti
858 2132 964 2207 soleat
988 2132 1023 2194 in
1045 2133 1164 2195 demon-

117 2241 279 2305 strativum
301 2241 393 2303 etiam
414 2241 445 2303 in
464 2258 556 2321 prosa
567 2240 704 2302 oratione
716 2240 846 2303 transire
858 2257 955 2321 posse,
975 2241 1053 2303 satis
1065 2243 1165 2302 nctum

117 2352 166 2413 est
180 2349 270 2429 (quod
288 2348 428 2428 loquendi
451 2349 602 2428 genesin
625 2347 757 2428 simplici
780 2348 1001 2433 sententiarum
1025 2347 1166 2428 conjunc·

116 2457 199 2519 tione
231 2457 263 2517 et
296 2473 398 2517 rerum
421 2454 592 2518 narratione
626 2455 705 2535 apud
739 2457 844 2535 poetas
877 2453 994 2534 passim
1015 2453 1167 2516 invenitur

116 2564 169 2626 cfr.
208 2561 295 2625 Ouid.
326 2562 399 2625 Met.
433 2561 476 2634 X,
510 2565 572 2626 611)
609 2561 714 2640 Quum
746 2560 827 2623 rur'br'
852 2545 962 2640 prisci
990 2560 1167 2624 Sucrocere

115 2688 213 2733 serres
250 2668 441 2749 templisque
474 2667 623 2731 accedere
652 2667 757 2730 dotem
788 2667 888 2731 Hauc
913 2669 1046 2748 jussere
1083 2668 1165 2749 ruet).

116 2778 152 2840 In
174 2777 269 2840 satira
290 2776 360 2849 XV,
395 2775 446 2838 ubi
478 2775 544 2838 haec
566 2793 585 2838 a
608 2795 635 2838 v.
659 2778 700 2841 66
731 2775 842 2855 scripta
872 2777 958 2838 sunt:
993 2775 1063 2838 Nec
1086 2775 1167 2839 burro

118 2885 259 2966 lapidem
294 2933 301 2946 .
332 2933 339 2945 .
372 2932 378 2944 .
413 2889 481 2962 Quo
520 2881 657 2962 Tydides
684 2884 850 2961 percussit
876 2882 1025 2962 poudere
1057 2902 1167 2946 corum

117 2993 252 3069 Aeuece,
276 2991 334 3054 sed
355 3010 448 3070 queue
469 2988 603 3054 culeout
624 2991 767 3054 eurittere
790 2989 925 3067 deutrae,
954 2991 1040 3053 etin
1064 2992 1167 3054 eadem

117 3101 224 3174 satia,
259 3116 318 3180 quo
350 3098 417 3161 loco
450 3101 540 3178 poeta
562 3099 606 3160 sio
637 3095 757 3179 scripsit
780 3104 809 3175 (a
831 3117 857 3161 v.
885 3101 975 3177 169):
1025 3099 1168 3178 Quorum

117 3226 184 3270 uou
206 3206 329 3290 sufficit
349 3206 453 3268 troc..
479 3253 485 3266 .
509 3204 567 3267 sed
587 3205 681 3287 [quc]
704 3205 910 3280 credideriut,
932 3205 1015 3267 nulla
1042 3206 1168 3286 simplex

116 3314 199 3378 modi
221 3313 350 3377 mutatio
373 3313 470 3387 inest,
503 3314 557 3375 sed
580 3325 707 3393 uterque
731 3312 942 3393 conjunctivus
965 3314 1113 3387 eandem,
1135 3317 1168 3374 ut

116 3420 160 3484 ita
184 3422 298 3493 dicam,
333 3419 531 3483 dubitativam
556 3419 808 3499 significationem
832 3419 967 3482 continet
991 3419 1094 3499 (quem
1117 3437 1168 3501 pro

117 3527 180 3590 suis
214 3546 364 3608 quemque
395 3526 509 3590 viribus
544 3527 683 3589 emittere
727 3545 816 3608 posse
839 3531 944 3607 putes:
974 3544 1050 3607 quos
1073 3527 1168 3590 oredi-

116 3633 196 3697 disse
238 3633 393 3714 probabile
436 3638 515 3710 est),
555 3652 652 3714 neque
686 3634 736 3696 hic
760 3633 859 3698 locus:
893 3633 952 3709 IV,
990 3636 1051 3699 102
1087 3635 1168 3716 Oue‘s

114 3743 200 3805 euim
216 3740 291 3820 jau
312 3760 379 3803 uou
399 3740 567 3821 tutelliput
588 3745 674 3805 artes
697 3739 889 3804 Patrocles?
921 3741 1002 3820 Quis
1018 3742 1169 3820 priscum

115 3848 203 3912 illud
222 3849 366 3910 rur'rctur
388 3867 538 3925 ueurueu,
564 3847 684 3921 Brute,
718 3852 824 3923 tuum,
858 3849 1064 3912 insolentioris
1088 3849 1168 3912 modi

117 3954 297 4020 mutationis
321 3953 491 4033 exemplum
527 3955 661 4036 praebere
690 3957 758 4038 jure
782 3955 906 4027 dicitur,
941 3973 1011 4018 nam
1046 3957 1114 4020 duae
1138 3974 1169 4018 11

116 4082 189 4127 1111
211 4063 337 4124 diverse>
372 4060 626 4143 interrogationes
655 4080 688 4126 se
720 4063 889 4143 eicipiunt‚
923 4063 1003 4141 quod
1026 4062 1169 4145 loquendi
