2566 4404
335 279 337 285 Ι
396 215 438 268 De
457 214 593 268 liberiore
612 215 761 269 verborum
778 203 884 284 positu.
1125 221 1166 285 29

113 435 171 499 quo
196 418 263 482 loeo
285 437 338 499 pro
364 417 551 500 Oorppbcece
573 418 626 482 alii
652 418 833 500 Corppbcer',
856 419 909 483 alii
932 422 1069 487 eodioum
1093 442 1166 487 arre-

114 525 236 587 toritati
259 524 458 607 obsequentes
485 525 635 606 Grptbae
657 527 773 604 legunt,
797 529 829 590 et
851 527 1047 594 Heinricbius
1070 529 1166 610 parti·

112 629 215 694 sulani
239 632 442 712 copulativam
463 638 621 714 poetarum
645 650 727 697 more
749 634 964 714 transpositam
980 653 1047 700 esse
1063 636 1166 700 dioens

111 738 205 802 verba
228 738 272 800 sie
295 741 428 802 enarrat:
452 738 510 802 sed
530 738 643 803 eenole
658 759 761 820 paens
776 740 964 821 Uorppbaeee
983 745 1013 804 et
1026 741 1167 822 (venalis)

107 845 292 924 posteritas
302 844 453 925 Hirpini,
469 846 703 919 substantivum,
726 848 805 927 quod
819 850 867 910 est
872 849 1063 926 posteritas,
1077 850 1167 912 ver-bo

119 951 217 1014 subst.
242 951 363 1029 omisso,
385 953 465 1015 inter
487 952 619 1034 priorem
642 954 817 1033 genetivum
831 953 1031 1037 (Coryphaear)
1044 959 1076 1018 et
1098 973 1165 1036 par·

112 1059 243 1122 ticulam
264 1077 348 1122 more
370 1059 531 1124 luvenalis
553 1060 769 1141 interpositum
792 1064 850 1138 est,
875 1065 906 1124 et
925 1061 1010 1125 loeus
1023 1061 1166 1124 sioenar·

113 1167 245 1229 raudus:
268 1165 381 1229 eenole
397 1185 499 1245 peens
517 1171 564 1230 est
580 1166 765 1248 Oorppbcece
777 1168 959 1249 etHr'rptoe'
974 1169 1165 1248 posteritas.

112 1271 214 1336 Poeta
236 1291 347 1353 equum
363 1273 497 1336 nobilem
512 1277 543 1338 et
558 1293 667 1355 equam
683 1275 837 1339 victricem
854 1280 1010 1356 tamquam
1026 1280 1167 1357 parentes

113 1379 208 1462 prolis
231 1381 360 1461 oopular.

201 1487 237 1549 In
260 1486 352 1550 satira
379 1491 496 1568 quarta,
530 1488 581 1551 ubi
616 1489 706 1568 poeta
738 1487 897 1551 eonsilium
929 1488 1095 1552 Domitiani
1129 1488 1166 1551 ob

114 1593 279 1656 rhombum
300 1593 476 1674 imperatori
499 1595 576 1658 dono
599 1596 702 1658 datum
727 1598 759 1657 et
779 1613 956 1658 mensuram
979 1595 1091 1674 patinae
1114 1614 1166 1657 su-

114 1703 273 1782 perantem
310 1701 404 1764 Roma
442 1703 480 1764 ad
516 1702 620 1765 villam
655 1701 825 1785 Albanam·
841 1702 952 1783 raptim
987 1702 1166 1766 arcessitum

115 1808 233 1880 irridet,
256 1808 321 1870 haee
343 1812 454 1873 autb
476 1809 591 1889 scripta
613 1810 699 1871 sunt:

473 1960 609 2023 Priores
631 1959 792 2023 elonsante
812 1958 960 2023 Liburno

205 2065 344 2146 Currite,
362 2068 437 2149 jum
459 2068 553 2144 sedit,
576 2071 676 2148 rupto
692 2066 896 2148 properabat
919 2064 1028 2129 abolla

201 2173 351 2254 Peposns
373 2178 424 2236 ott
443 2176 521 2237 nitra
537 2177 670 2255 positus
692 2174 784 2238 modo
807 2172 937 2236 villicus
959 2174 1041 2236 arbi.

200 2280 298 2343 Arene
320 2280 415 2345 aliud
436 2287 513 2345 terreo
528 2281 703 2365 praesenti?
726 2302 861 2365 qnorum
884 2282 1026 2361 optimus
1049 2282 1145 2362 atque

202 2388 374 2469 Interpres
397 2389 502 2472 lepram
524 2390 763 2461 sanctissimus,
787 2389 897 2451 omnio
920 2407 1116 2470 qnorteqnarn

205 2495 416 2575 Temporibus
439 2497 523 2560 do'rr's
546 2495 722 2560 tractando
737 2496 882 2576 pertubat
903 2495 1022 2558 r'rrerrree'

203 2601 355 2667 Justr'te‘a.

123 2771 170 2836 Sis
193 2771 387 2836 Heinriohius
409 2773 509 2836 losum
533 2773 610 2846 edit;
643 2771 810 2853 Rupertius
839 2774 870 2833 et
892 2771 1024 2835 Jahnius
1048 2788 1166 2834 oomrna

124 2881 187 2960 post
208 2880 439 2943 sanctissimos
460 2880 595 2962 positum
617 2879 729 2942 delent.
785 2877 878 2941 Multi
906 2877 1090 2959 interpretes
1113 2878 1168 2941 hos

125 3004 225 3050 uersus
248 2970 397 3068 reingere
420 2989 452 3050 et
475 2986 708 3060 substantivum,
737 2987 775 3048 ad
798 2985 876 3066 quod
900 2984 1041 3064 optemus
1063 2983 1169 3047 referri

126 3095 245 3167 ¹retonat,
269 3093 477 3156 desiderantes
498 3109 661 3174 pronomen
693 3092 964 3156 demonstrativum
987 3091 1168 3154 interserere

126 3200 219 3263 ronati
253 3205 333 3276 sunt,
366 3217 443 3281 quos
466 3205 592 3264 eonatus
610 3199 677 3281 jam
705 3200 839 3280 antiquis
862 3197 1049 3279 temporibus
1071 3196 1169 3261 fastos

128 3324 193 3382 sse,
226 3307 344 3371 codices
377 3307 452 3371 satis
485 3309 670 3382 monstrant,
705 3325 832 3388 quorum
867 3304 920 3369 alii
953 3324 1090 3387 quoram
1117 3303 1169 3368 die

129 3414 272 3494 petimus,
296 3413 348 3477 alii
371 3413 423 3477 lete
446 3432 583 3497 qnorum
606 3414 748 3493 optimas
781 3413 834 3477 alii
868 3432 1005 3495 quornm
1028 3413 1169 3492 optimus

129 3525 214 3603 atque
247 3520 299 3585 bie
330 3521 452 3584 habent.
512 3520 707 3584 Heinriohius
731 3524 802 3585 mot
829 3520 914 3583 audit
944 3524 975 3582 et
997 3519 1168 3601 subjeetum

129 3628 202 3691 rullo
224 3629 313 3691 modo
336 3628 441 3692 deesse
463 3646 551 3710 posse
574 3629 676 3691 disens
694 3646 815 3691 versum
838 3626 976 3709 spurium
1007 3645 1072 3690 esse
1096 3644 1168 3689 oon-

131 3734 226 3798 endit.
270 3735 350 3799 Tota
373 3752 443 3798 vero
466 3734 531 3797 eius
555 3734 705 3799 enarratio
733 3753 828 3815 usqne
860 3753 877 3797 a
899 3736 986 3815 rapta
1008 3732 1109 3796 abolla
1131 3732 1169 3796 ad

131 3860 267 3905 nermem
284 3841 438 3924 justitiam
469 3840 547 3904 falsa
580 3843 644 3916 est3
679 3843 815 3922 Pegasus
849 3840 928 3904 enirn
966 3840 1098 3903 abollam
1131 3839 1170 3902 ad

131 3948 222 4012 illam
244 3947 397 4012 Albanam
417 3951 633 4030 properaturus
662 3948 751 4029 rapit,
785 3967 845 4011 non
879 3946 964 4011 sinus
987 3946 1103 4019 abollae,
1134 3947 1170 4007 nt

131 4055 273 4119 terentius
307 4059 393 4119 ante·
408 4055 625 4138 imperatorem
656 4055 789 4137 prodeat,
824 4052 957 4135 colligit3
990 4071 1059 4133 qnae
1092 4050 1169 4113 ratio
