2566 4404
117 187 182 253 206
463 183 506 236 De
524 183 679 237 mutatione
696 181 844 249 temporis.

117 391 212 474 poeta
233 385 311 452 vitia
333 368 465 470 Crispini
487 386 693 469 perstringens
715 403 734 449 a
755 405 784 452 v.
799 388 835 450 11
859 384 921 448 hoo
940 384 1081 467 scripsit:
1102 383 1153 449 Sel

116 512 205 560 nano
229 493 573 591 defaetislevioet'bas,
596 495 746 557 ettamen
763 490 850 557 alter
861 491 903 556 Si
916 491 1053 574 fecisset
1072 490 1149 566 idea
1184 545 1185 548 ,

118 603 250 669 tederet
290 602 350 668 sul
376 600 491 684 judice
526 619 653 666 morum
685 599 794 682 (satira
826 598 999 664 Domitiani
1035 601 1153 680 tempore

116 711 230 792 scripta
264 728 331 774 esse
359 709 494 786 videtur,
528 713 560 771 et
586 726 683 790 genus
715 706 857 788 loquendi
882 705 1080 770 notissimum
1099 708 1154 781 est),

116 818 195 882 alter
215 817 247 881 in
270 815 401 898 septima
422 817 524 898 satira,
548 833 606 898 quo
629 815 696 880 1000
706 812 867 879 luvenalis
889 811 1053 895 ingenium
1073 815 1154 894 poeta

100 914 198 988 'curie
225 926 317 1006 atque
349 922 433 1006 inopi
465 923 530 987 vita
561 921 689 1006 opprimi
711 923 814 1000 (10001,
838 920 888 984 hie
910 918 1015 984 verbis
1037 919 1151 1001 scriptus

114 1029 229 1113 legitur
251 1040 281 1103 (a
302 1049 330 1096 v.
354 1031 424 1111 69):
799 1037 803 1042 ·

204 1181 295 1245 Nom
317 1182 349 1245 si
377 1180 515 1265 Virqe'le'o
531 1201 620 1262 puer
640 1183 671 1244 et
692 1176 862 1245 tolerabile
883 1177 973 1242 desit

203 1288 406 1369 Hospitium,
429 1288 581 1353 caderent
602 1304 712 1352 omues
732 1307 755 1350 a
777 1286 927 1350 crinibus
950 1284 1058 1367 hydri,

202 1393 315 1459 Sarda
336 1394 422 1460 utlaii
441 1399 579 1477 pemeret
598 1413 699 1477 praee
721 1391 866 1458 tesana.

114 1562 212 1629 Desit
245 1564 308 1628 fere
342 1584 446 1631 omues
479 1566 595 1630 codices
624 1564 754 1641 habent,
787 1563 890 1644 pauci*
908 1562 1049 1640 deesset,
1072 1578 1153 1646 quan

115 1671 297 1753 scripturam
312 1672 506 1738 Hermannus
515 1673 546 1736 in
569 1676 655 1737 textu
676 1671 786 1754 posuit.
832 1671 922 1735 Prior
945 1671 1046 1737 forma
1067 1687 1149 1734 emen·

115 1777 230 1842 dationi
255 1778 506 1844 scholasticorum
528 1783 627 1844 metro
644 1779 819 1844 timentium
830 1778 938 1843 deberi
960 1779 1079 1852 dicitur,
1100 1775 1147 1852 sed,

115 1903 209 1966 quum
234 1887 341 1961 forma,
365 1905 431 1968 qua·
454 1891 503 1950 est
524 1886 634 1962 deerit,
656 1887 721 1962 (efr.
746 1887 787 1963 ΙΙ,
813 1891 885 1964 168)
909 1887 1023 1969 saepius
1045 1887 1146 1950 eontra·

114 1991 217 2069 hatur,
246 2010 300 2073 pro
332 1992 450 2075 vulgari
480 1994 657 2059 insolentior
694 1995 792 2059 forma
823 1991 978 2057 hocloco
1007 1989 1149 2057 301311101-

114 2101 172 2163 tur.
241 2100 300 2164 Pro
343 2099 640 2184 plusquamperfecto
677 2102 710 2165 in
748 2103 876 2182 utraque
921 2101 1078 2165 sententia
1112 2095 1148 2161 vel

114 2206 146 2269 in
179 2206 345 2271 alterautra
374 2209 588 2289 imperfectum
611 2209 682 2290 poni
703 2208 846 2290 frequens
869 2210 930 2281 est,
965 2212 997 2271 et
1020 2203 1148 2290 quemad·

114 2315 238 2376 modum
250 2331 382 2394 praesens
394 2332 447 2396 pro
459 2315 756 2396 plusquamperfecto
777 2333 837 2378 non
860 2315 961 2379 solum
982 2313 1016 2376 in
1039 2317 1149 2394 utreque

115 2422 267 2483 sententia
300 2423 380 2502 apud
412 2424 520 2507 poetas
552 2423 687 2503 positum
719 2422 888 2496 invenitur,
922 2422 977 2485 sed
1012 2419 1151 2486 etiamin

115 2527 267 2590 sententia
298 2528 498 2592 condicionali
522 2529 586 2593 sola
607 2531 673 2607 (cfr.
698 2529 809 2593 Tibull.
834 2528 858 2602 Ι,
881 2532 911 2605 4,
935 2531 978 2595 63
1005 2528 1150 2592 Comae

114 2634 151 2695 01
172 2634 249 2709 siat,
272 2633 326 2695 Ere
348 2633 480 2698 humero
492 2634 625 2716 Pelopis
635 2657 702 2700 noa
716 2636 872 2700 nituisset
894 2636 1000 2717 ebur),
1024 2636 1068 2699 sie
1088 2652 1152 2717 pra·

115 2759 184 2804 sens
209 2741 369 2804 sententiae
393 2742 606 2807 condicionalis
628 2743 805 2824 imperfecto
828 2743 990 2807 sententiae
1013 2741 1152 2824 primaria

114 2847 266 2911 interdurn
304 2849 465 2929 subjicitur
499 2849 565 2929 (cfr.
591 2850 757 2925 Tibulli,
792 2854 826 2924 8,
849 2851 890 2914 22
912 2847 959 2910 Ε1
974 2846 1151 2932 faceretsl

113 2973 179 3018 noa
202 2974 271 3017 cero
292 2954 426 3035 repulsa
447 2959 592 3033 300001).ι

198 3062 299 3125 Etiam
312 3061 456 3125 infinitivi
478 3082 612 3144 praesens
635 3068 666 3127 et
687 3065 857 3146 perfeetum
879 3063 1036 3127 interdum
1049 3056 1154 3147 'juncta

112 3169 326 3234 inveniuntur:
351 3169 442 3246 VIII,
472 3173 535 3235 225
556 3170 637 3234 Hceo
659 3191 759 3251 opero
781 3175 878 3251 etque
900 3170 950 3233 lere
973 3175 1054 3234 suat
1074 3188 1154 3252 peae-

112 3278 181 3340 0001
203 3276 375 3356 Principis
398 3280 487 3340 artes
507 3277 690 3342 (laedentis
704 3277 803 3361 foedo
820 3281 1002 3361 perefflua
1025 3277 1072 3341 ad
1086 3275 1155 3358 pal·

105 3385 183 3462 pita
206 3388 305 3447 00010
328 3383 494 3447 Prostttaa'
511 3384 686 3466 Graa’ceqae
707 3387 820 3466 aptum
842 3386 1001 3450 meruisse
1021 3404 1152 3461 ,neroum

112 3494 144 3552 et
176 3494 267 3571 poeta,
300 3492 441 3556 infinitivi
474 3492 608 3574 perfecto
637 3495 772 3574 tempore
802 3493 915 3557 talibus
944 3495 1033 3576 loeis⁴
1049 3474 1158 3575 'saepius

111 3595 219 3672 utitur,
243 3598 294 3661 ubi
320 3618 454 3682 praesens
477 3612 532 3684 pro
555 3618 590 3663 eo
612 3599 757 3663 substitui
784 3601 861 3664 illud
897 3602 1022 3682 quidem
1056 3605 1156 3686 possit,

111 3703 164 3764 sed
188 3703 372 3785 significatio
400 3707 501 3788 aliqua
523 3707 670 3787 praeteriti
693 3708 848 3790 temporie,
882 3708 953 3788 quia
974 3711 1068 3774 verba
1088 3713 1158 3793 ipsa,

111 3810 221 3888 quibus
243 3811 413 3876 infinitivus
436 3814 621 3896 adjungitur,
644 3813 771 3876 aetionis
793 3813 889 3878 finitae
911 3816 1069 3882 notionem
1092 3839 1158 3884 cou-

111 3917 226 3988 tinent,
264 3924 430 3983 remaneat.
490 3921 578 3984 Talia
613 3920 704 3983 verba
741 3923 813 3984 sunt
847 3924 925 4002 apud
960 3924 1157 3990 Juvenalem:

108 4025 253 4106 paradeo,
275 4024 411 4109 suffieit,
427 4027 545 4108 podet,
562 4046 688 4106 param
709 4031 770 4103 est,
804 4029 856 4090 sed
877 4028 1033 4095 interdum
1057 4033 1155 4097 omnis
