2566 4404
168 209 232 272 224
452 206 493 258 lie
512 206 675 285 notionibus
694 205 919 280 transferendis.⁴

169 411 223 473 sed
246 427 415 490 pronomen
438 407 727 486 demonstrativum,
750 409 829 489 quod
851 410 1036 474 sententiam
1060 412 1226 477 relativam

168 517 281 581 constit
305 516 345 594 't,
385 516 438 579 ubi
470 517 623 598 objectum
657 516 816 580 sententiae
850 520 913 593 est,
954 520 1025 583 ante
1058 520 1226 583 relativum

168 641 332 706 pronomen
349 622 452 687 omitti
472 625 583 705 potest,
608 623 812 704 quamobrem,
836 643 926 705 quum
940 644 1118 707 pronomen,
1145 627 1225 708 quod

169 731 318 796 omissum
341 748 407 794 esse
431 729 552 811 dicitur,
576 729 688 813 objecti
709 731 811 794 locum
834 734 937 795 teneat
959 736 1134 810 (accusator
1156 735 1225 809 erit,

168 837 221 919 qui
238 865 276 892 =
301 836 467 912 accusabit,
490 836 565 919 qui),
590 837 714 901 omissio
737 837 856 901 defendi
872 841 982 921 potest.
1026 839 1096 904 Hoc
1120 844 1225 905 autem

174 948 307 1029 apparet,
330 945 521 1008 huncloeum
545 964 616 1007 cum
639 962 682 1017 ec,
705 963 796 1030 quem
818 948 1000 1019 tractamus,
1024 947 1111 1011 nullo
1135 950 1226 1013 modo

171 1052 337 1133 comparari
352 1069 452 1137 posse,
474 1069 543 1115 nam
567 1051 651 1115 aliud
675 1053 731 1125 est,
754 1069 917 1132 pronomen
935 1053 1225 1131 demonstrativum

169 1159 248 1240 quod
273 1159 400 1222 eandem
421 1157 575 1222 notionem
601 1161 693 1239 atque
714 1177 881 1243 pronomen
903 1159 1063 1225 relativum
1089 1181 1225 1244 sequens

166 1264 308 1347 exprimit
329 1269 361 1328 et
389 1265 501 1347 objecti
522 1266 620 1328 locum
645 1267 745 1345 tenet,
781 1265 883 1329 omitti
905 1285 1007 1347 posse,
1042 1268 1129 1332 aliud
1152 1288 1225 1351 prc-

165 1390 276 1436 nomen
298 1372 329 1435 in
352 1373 552 1453 comparando
574 1373 619 1436 ita
640 1372 758 1447 omitti,
791 1375 827 1436 ut
848 1392 976 1454 persona
997 1394 1068 1438 cum
1091 1395 1125 1439 re
1149 1396 1224 1441 cou-

151 1478 327 1552 dundatur,
361 1497 459 1561 neque
482 1479 642 1544 luvenalis
675 1498 803 1560 usquam
837 1479 881 1543 sic
914 1480 998 1544 dixit.
1049 1483 1158 1547 Etiam
1190 1484 1223 1547 in

165 1604 253 1668 prosa
277 1585 427 1661 oratione,
450 1586 477 1649 si
499 1585 529 1648 in
554 1585 744 1649 substantivo
766 1587 867 1650 neutri
888 1589 1025 1671 generis,
1044 1590 1149 1671 =quale
1172 1593 1223 1654 est

166 1695 352 1766 monstrum,
384 1692 570 1773 prodigium,
594 1692 689 1768 siml,
714 1693 798 1756 notio
820 1713 956 1776 personne
978 1695 1084 1772 lateat
1097 1714 1220 1786 prono-

165 1819 252 1863 mens
275 1818 405 1882 sequens
427 1819 537 1882 genere
561 1800 730 1864 masculino
752 1801 800 1864 vel
822 1801 970 1877 feminino
991 1802 1100 1874 efferri,
1122 1803 1221 1867 notis

165 1907 244 1971 sima
267 1925 315 1969 res
338 1908 402 1986 est,
435 1909 467 1970 et
500 1909 589 1988 poeta
621 1905 658 1970 id
677 1908 794 1971 cilium
821 1907 955 1972 scribens
983 1909 1020 1971 de
1043 1908 1155 1974 vitiosa
1176 1911 1221 1975 fe-

166 2013 257 2076 mina.
271 2013 434 2094 cogitavit,
468 2032 567 2095 neque
596 2015 777 2077 insolentius
804 2015 863 2078 hoe
894 2014 959 2078 loeo
983 2015 1106 2097 scripsit
1129 2036 1220 2098 quam

163 2121 194 2183 in
218 2120 313 2184 satira
336 2120 423 2194 XIII,
446 2119 498 2183 ubi
521 2138 539 2183 a
561 2140 589 2182 v.
615 2123 674 2185 174
697 2122 729 2183 hi
751 2138 856 2184 versus
879 2121 985 2202 scripti
1006 2125 1094 2186 sunt:

206 2271 353 2335 Nullane
371 2272 503 2352 perjuri
525 2273 646 2352 capitis
660 2271 863 2354 fraudisque
884 2272 1036 2356 nefaudoe

206 2379 319 2443 Poeno
341 2379 427 2442 erit?
449 2379 630 2482 Abreplum
652 2379 743 2443 crede
765 2380 850 2443 bunc
871 2382 1023 2462 proniore
1046 2386 1167 2445 calena

165 2552 196 2612 et
218 2565 392 2648 pronomen
405 2549 692 2627 demonstrativum,
717 2550 796 2631 qur'od
819 2549 986 2624 ostbruoc,
1011 2549 1106 2613 simili
1130 2553 1223 2615 modo

166 2656 297 2737 positum
321 2657 412 2731 est¹).
461 2654 519 2717 Sed
547 2655 584 2718 ad
606 2657 797 2739 propositum
819 2658 988 2723 redeamus,

190 2981 209 3043 ¹)
230 2980 319 3045 Quum
338 2982 366 3033 hi
385 2980 441 3033 loci
460 2987 518 3032 turn
538 2984 626 3032 ceteri
637 2978 783 3034 Iuvenalis
804 2979 871 3043 loci,
889 2977 1109 3042 inquibustalie
1129 2979 1223 3031 homi·

230 3065 273 3117 nis
303 3081 364 3118 cum
391 3078 421 3116 re
452 3063 579 3117 confusio
609 3064 703 3115 inesse
734 3062 860 3127 dieitur,
889 3077 923 3115 ex
950 3060 1050 3114 eodem
1078 3064 1224 3115 abstracti

229 3165 279 3216 pro
312 3155 444 3202 concreto
476 3163 529 3199 usu
557 3162 687 3238 magnam
711 3153 822 3213 partem
850 3146 971 3213 proiecti
1000 3152 1080 3198 suut:
1118 3147 1224 3210 Proeror

227 3234 313 3282 sr'rrrilir
340 3232 458 3297 triumpho
484 3231 548 3296 (ΧΙ,
568 3234 644 3295 194),
673 3231 728 3281 Nou
754 3232 831 3280 uuiuor
857 3240 953 3292 uultque
978 3230 1105 3279 Rubrenus
1125 3232 1224 3296 Lappa

230 3318 343 3368 cothurno
361 3316 432 3382 (Vll,
450 3317 505 3382 72),
523 3315 576 3366 Nec
592 3318 637 3364 erit
647 3315 746 3381 felicior
764 3325 831 3364 asne
845 3314 939 3364 Martia
957 3312 1002 3379 (X,
1021 3315 1092 3378 313).
1131 3315 1221 3366 Hein.

227 3402 335 3455 riohius
369 3399 561 3466 exemplorum
593 3413 737 3451 numerum
771 3413 876 3464 erigens
911 3397 972 3448 haec
1000 3395 1094 3448 addit:
1133 3397 1222 3448 Sermo

231 3487 291 3535 Isoeo
309 3488 434 3536 torrentior
454 3485 515 3547 (ΙΙΙ,
535 3486 588 3546 74).
610 3484 660 3533 Dis
678 3501 749 3546 oepuo
765 3491 872 3546 potestus
896 3479 954 3545 (IV,
972 3481 1029 3544 71),
1060 3481 1222 3545 Proesectura

228 3569 309 3618 doinus
328 3569 414 3620 Sicula
432 3587 477 3618 uon
495 3569 573 3617 milior
600 3567 658 3616 crilu
677 3567 741 3631 (Vl,
769 3567 839 3628 486),
862 3566 972 3615 Miratur
995 3581 1071 3614 uocem
1089 3576 1221 3630 uaporem

229 3653 342 3717 (amici),
364 3672 410 3716 prro
437 3653 538 3702 deterius
561 3669 604 3700 non
623 3651 673 3701 Ille
690 3661 766 3714 sonat,
794 3666 839 3713 quo
865 3648 983 3699 urordctur
1006 3648 1102 3712 pollina
1130 3652 1221 3699 marito

231 3737 299 3801 (ΙΙΙ,
323 3738 381 3799 91),
411 3737 513 3801 quibus
543 3736 625 3802 plura
654 3733 759 3787 addere
789 3733 894 3800 potuit:
934 3732 966 3781 Ur
990 3735 1059 3781 rebus
1083 3732 1147 3782 loeris
1168 3753 1221 3798 par

226 3823 257 3870 sil
275 3839 384 3871 rrrersuru
411 3821 524 3869 mulorum
552 3821 602 3883 (Χ,
623 3821 676 3884 98),
703 3819 793 3881 luscus
816 3817 892 3867 minor
918 3817 969 3881 ique
993 3817 1047 3880 royi
1065 3815 1142 3883 (XV,
1171 3819 1218 3880 40)

229 3904 312 3956 Scelus
339 3915 360 3953 et
387 3906 476 3953 currens
502 3906 618 3968 prooem
645 3903 764 3953 cothurnis
782 3900 858 3965 (XV,
885 3902 943 3964 29),
962 3900 1107 3964 Exemplum
1125 3903 1219 3950 aalma

230 3993 320 4041 ceruice
337 3989 446 4039 comenda
460 3987 506 4050 (X,
526 3990 596 4051 247),
619 3988 697 4038 Gener
712 3986 801 4052 puelloe
817 3984 947 4034 seminalia
964 3985 1043 4047 irnpur
1060 3984 1124 4047 (ΙΙΙ,
1147 3987 1219 4048 160),

231 4075 280 4127 scd
304 4075 365 4127 har
394 4071 524 4137 excnrpla
552 4070 730 4137 aptioribus
749 4070 861 4122 diversa
883 4074 961 4130 suut,
988 4080 1051 4118 nam
1070 4082 1105 4118 ex
1124 4067 1217 4121 brevi-
