<?xml version="1.0" encoding="UTF-8"?>
<!DOCTYPE html PUBLIC "-//W3C//DTD XHTML 1.0 Transitional//EN"
    "http://www.w3.org/TR/xhtml1/DTD/xhtml1-transitional.dtd">
<html xmlns="http://www.w3.org/1999/xhtml" xml:lang="en" lang="en">
 <head>
  <title>
</title>
<meta http-equiv="Content-Type" content="text/html;charset=utf-8" />
  <meta name='ocr-system' content='tesseract 3.04.00' />
  <meta name='ocr-capabilities' content='ocr_page ocr_carea ocr_par ocr_line ocrx_word'/>
</head>
<body>
  <div class='ocr_page' id='page_1' title='image "./sermonemdjuniij00kiaegoog_0196.png"; bbox 0 0 2566 4404; ppageno 0'>
   <div class='ocr_carea' id='block_1_1' title="bbox 343 221 1160 291">
    <p class='ocr_par' dir='ltr' id='par_1_1' title="bbox 343 221 1160 291">
     <span class='ocr_line' id='line_1_1' title="bbox 343 221 1160 291; baseline 0.007 -16"><span class='ocrx_word' id='word_1_1' title='bbox 343 222 386 275; x_wconf 89' lang='lat' dir='ltr'><strong>De</strong></span> <span class='ocrx_word' id='word_1_2' title='bbox 405 223 552 288; x_wconf 83' lang='lat' dir='ltr'><strong>infinitivo,</strong></span> <span class='ocrx_word' id='word_1_3' title='bbox 571 221 748 289; x_wconf 84' lang='lat' dir='ltr'><strong>imperativo,</strong></span> <span class='ocrx_word' id='word_1_4' title='bbox 766 222 927 291; x_wconf 84' lang='lat' dir='ltr'><strong>participio.</strong></span> <span class='ocrx_word' id='word_1_5' title='bbox 1099 226 1160 290; x_wconf 82' lang='lat'><strong>183</strong></span> 
     </span>
    </p>
   </div>
   <div class='ocr_carea' id='block_1_2' title="bbox 101 425 1159 616">
    <p class='ocr_par' dir='ltr' id='par_1_2' title="bbox 101 425 1159 616">
     <span class='ocr_line' id='line_1_2' title="bbox 103 425 1159 509; baseline 0 -19"><span class='ocrx_word' id='word_1_6' title='bbox 103 445 221 509; x_wconf 82' lang='lat' dir='ltr'><strong>ponens</strong></span> <span class='ocrx_word' id='word_1_7' title='bbox 244 429 276 490; x_wconf 85' lang='lat' dir='ltr'><strong>et</strong></span> <span class='ocrx_word' id='word_1_8' title='bbox 290 425 496 491; x_wconf 85' lang='lat' dir='ltr'><strong>condicionem</strong></span> <span class='ocrx_word' id='word_1_9' title='bbox 508 426 621 493; x_wconf 86' lang='lat' dir='ltr'><strong>actioni</strong></span> <span class='ocrx_word' id='word_1_10' title='bbox 636 425 786 508; x_wconf 76' lang='lat' dir='ltr'><strong>primaria</strong></span> <span class='ocrx_word' id='word_1_11' title='bbox 806 431 972 490; x_wconf 87' lang='lat' dir='ltr'><strong>annectens</strong></span> <span class='ocrx_word' id='word_1_12' title='bbox 989 445 1084 490; x_wconf 90' lang='lat' dir='ltr'><strong>unum</strong></span> <span class='ocrx_word' id='word_1_13' title='bbox 1101 425 1159 490; x_wconf 86' lang='lat' dir='ltr'><strong>ali-</strong></span> 
     </span>
     <span class='ocr_line' id='line_1_3' title="bbox 101 532 1158 616; baseline -0.002 -18"><span class='ocrx_word' id='word_1_14' title='bbox 101 551 196 616; x_wconf 86' lang='lat' dir='ltr'>quem</span> <span class='ocrx_word' id='word_1_15' title='bbox 219 534 423 615; x_wconf 72' lang='lat' dir='ltr'><strong>amplectitur,</strong></span> <span class='ocrx_word' id='word_1_16' title='bbox 447 532 607 598; x_wconf 71' lang='lat' dir='ltr'><strong>iuvenalis</strong></span> <span class='ocrx_word' id='word_1_17' title='bbox 630 550 685 614; x_wconf 88' lang='lat' dir='ltr'><strong>per</strong></span> <span class='ocrx_word' id='word_1_18' title='bbox 706 533 854 615; x_wconf 82' lang='lat' dir='ltr'>pluralem</span> <span class='ocrx_word' id='word_1_19' title='bbox 874 551 1032 597; x_wconf 87' lang='lat' dir='ltr'><strong>numerum</strong></span> <span class='ocrx_word' id='word_1_20' title='bbox 1055 535 1158 596; x_wconf 88' lang='lat' dir='ltr'><strong>totum</strong></span> 
     </span>
    </p>
   </div>
   <div class='ocr_carea' id='block_1_3' title="bbox 103 740 1155 749">
    <p class='ocr_par' dir='ltr' id='par_1_3' title="bbox 103 740 1155 749">
     <span class='ocr_line' id='line_1_4' title="bbox 103 740 1155 749; baseline -0.002 -1"><span class='ocrx_word' id='word_1_21' title='bbox 103 741 406 749; x_wconf 70' lang='lat'><em>——-..-—---—-.-</em></span> <span class='ocrx_word' id='word_1_22' title='bbox 448 741 471 746; x_wconf 87' lang='lat'><strong>-—</strong></span> <span class='ocrx_word' id='word_1_23' title='bbox 478 740 1155 747; x_wconf 47' lang='lat' dir='ltr'><strong>—-——·—..—-—i-——————-</strong></span> 
     </span>
    </p>
   </div>
   <div class='ocr_carea' id='block_1_4' title="bbox 87 865 1220 4142">
    <p class='ocr_par' dir='ltr' id='par_1_4' title="bbox 170 865 1180 1275">
     <span class='ocr_line' id='line_1_5' title="bbox 173 865 1180 939; baseline -0.001 -14"><span class='ocrx_word' id='word_1_24' title='bbox 173 871 252 939; x_wconf 89' lang='lat' dir='ltr'><strong>poris</strong></span> <span class='ocrx_word' id='word_1_25' title='bbox 272 872 415 938; x_wconf 84' lang='lat' dir='ltr'><strong>generalis</strong></span> <span class='ocrx_word' id='word_1_26' title='bbox 435 873 560 938; x_wconf 84' lang='lat' dir='ltr'><strong>notionis</strong></span> <span class='ocrx_word' id='word_1_27' title='bbox 579 872 642 926; x_wconf 86' lang='lat' dir='ltr'><strong>loco</strong></span> <span class='ocrx_word' id='word_1_28' title='bbox 661 888 713 939; x_wconf 90' lang='lat' dir='ltr'><strong>pro</strong></span> <span class='ocrx_word' id='word_1_29' title='bbox 725 871 903 926; x_wconf 87' lang='lat' dir='ltr'><strong>substantivo</strong></span> <span class='ocrx_word' id='word_1_30' title='bbox 922 871 1047 938; x_wconf 88' lang='lat' dir='ltr'><strong>positum</strong></span> <span class='ocrx_word' id='word_1_31' title='bbox 1065 871 1156 937; x_wconf 84' lang='lat' dir='ltr'><strong>gram-</strong></span> <span class='ocrx_word' id='word_1_32' title='bbox 1177 865 1180 870; x_wconf 83' lang='grc'><strong>’</strong></span> 
     </span>
     <span class='ocr_line' id='line_1_6' title="bbox 173 954 1154 1023; baseline -0.001 -14"><span class='ocrx_word' id='word_1_33' title='bbox 173 956 269 1009; x_wconf 84' lang='lat' dir='ltr'><strong>matici</strong></span> <span class='ocrx_word' id='word_1_34' title='bbox 299 956 422 1021; x_wconf 86' lang='lat' dir='ltr'><strong>subjecti</strong></span> <span class='ocrx_word' id='word_1_35' title='bbox 451 956 496 1009; x_wconf 83' lang='lat' dir='ltr'><strong>vel</strong></span> <span class='ocrx_word' id='word_1_36' title='bbox 514 986 546 996; x_wconf 97' lang='lat'>—</span> <span class='ocrx_word' id='word_1_37' title='bbox 565 971 630 1010; x_wconf 88' lang='lat' dir='ltr'><strong>raro</strong></span> <span class='ocrx_word' id='word_1_38' title='bbox 652 986 681 995; x_wconf 95' lang='lat'><em>-</em></span> <span class='ocrx_word' id='word_1_39' title='bbox 702 955 808 1023; x_wconf 86' lang='lat' dir='ltr'><strong>objecti</strong></span> <span class='ocrx_word' id='word_1_40' title='bbox 825 955 921 1008; x_wconf 92' lang='lat' dir='ltr'><strong>locum</strong></span> <span class='ocrx_word' id='word_1_41' title='bbox 939 961 1030 1008; x_wconf 88' lang='lat' dir='ltr'><strong>tenet:</strong></span> <span class='ocrx_word' id='word_1_42' title='bbox 1057 954 1154 1021; x_wconf 83' lang='lat' dir='ltr'><strong>Epist.</strong></span> 
     </span>
     <span class='ocr_line' id='line_1_7' title="bbox 173 1040 1155 1107; baseline -0.004 -14"><span class='ocrx_word' id='word_1_43' title='bbox 173 1041 196 1105; x_wconf 83' lang='grc' dir='ltr'><strong>Ι,</strong></span> <span class='ocrx_word' id='word_1_44' title='bbox 219 1042 315 1106; x_wconf 63' lang='lat' dir='ltr'><strong>17,ss</strong></span> <span class='ocrx_word' id='word_1_45' title='bbox 337 1041 424 1091; x_wconf 79' lang='lat' dir='ltr'><strong>Coram</strong></span> <span class='ocrx_word' id='word_1_46' title='bbox 441 1058 495 1107; x_wconf 77' lang='lat' dir='ltr'><strong>rcyc</strong></span> <span class='ocrx_word' id='word_1_47' title='bbox 512 1060 558 1092; x_wconf 81' lang='lat' dir='ltr'><strong>aaa</strong></span> <span class='ocrx_word' id='word_1_48' title='bbox 579 1041 609 1091; x_wconf 81' lang='lat' dir='ltr'><strong>de</strong></span> <span class='ocrx_word' id='word_1_49' title='bbox 628 1050 775 1107; x_wconf 82' lang='lat' dir='ltr'><strong>paupertate</strong></span> <span class='ocrx_word' id='word_1_50' title='bbox 793 1049 895 1090; x_wconf 70' lang='lat' dir='ltr'><strong>meantes</strong></span> <span class='ocrx_word' id='word_1_51' title='bbox 912 1040 976 1089; x_wconf 83' lang='lat' dir='ltr'><strong>Plae</strong></span> <span class='ocrx_word' id='word_1_52' title='bbox 991 1048 1101 1104; x_wconf 75' lang='lat' dir='ltr'><strong>poscente</strong></span> <span class='ocrx_word' id='word_1_53' title='bbox 1110 1041 1155 1103; x_wconf 84' lang='lat' dir='ltr'><strong>fe-</strong></span> 
     </span>
     <span class='ocr_line' id='line_1_8' title="bbox 171 1122 1156 1191; baseline -0.002 -17"><span class='ocrx_word' id='word_1_54' title='bbox 171 1135 237 1185; x_wconf 82' lang='lat' dir='ltr'><strong>rent,</strong></span> <span class='ocrx_word' id='word_1_55' title='bbox 258 1124 319 1177; x_wconf 83' lang='lat' dir='ltr'><strong>Sat.</strong></span> <span class='ocrx_word' id='word_1_56' title='bbox 340 1125 367 1191; x_wconf 88' lang='grc' dir='ltr'><strong>Ι,</strong></span> <span class='ocrx_word' id='word_1_57' title='bbox 389 1126 420 1190; x_wconf 80' lang='lat'><strong>3,</strong></span> <span class='ocrx_word' id='word_1_58' title='bbox 438 1127 471 1181; x_wconf 87' lang='grc'><strong>75</strong></span> <span class='ocrx_word' id='word_1_59' title='bbox 491 1126 598 1190; x_wconf 73' lang='lat' dir='ltr'><strong>AEqnum</strong></span> <span class='ocrx_word' id='word_1_60' title='bbox 616 1135 652 1175; x_wconf 80' lang='lat' dir='ltr'><strong>cat</strong></span> <span class='ocrx_word' id='word_1_61' title='bbox 669 1126 782 1176; x_wconf 74' lang='lat' dir='ltr'><strong>Precatio</strong></span> <span class='ocrx_word' id='word_1_62' title='bbox 799 1126 889 1175; x_wconf 83' lang='lat' dir='ltr'><strong>venium</strong></span> <span class='ocrx_word' id='word_1_63' title='bbox 906 1133 1038 1188; x_wconf 74' lang='lat' dir='ltr'><strong>poscentem</strong></span> <span class='ocrx_word' id='word_1_64' title='bbox 1055 1122 1156 1173; x_wconf 80' lang='lat' dir='ltr'><strong>reddere</strong></span> 
     </span>
     <span class='ocr_line' id='line_1_9' title="bbox 170 1207 1152 1275; baseline 0.002 -16"><span class='ocrx_word' id='word_1_65' title='bbox 170 1227 272 1273; x_wconf 75' lang='lat' dir='ltr'><strong>mrsna5</strong></span> <span class='ocrx_word' id='word_1_66' title='bbox 290 1208 350 1262; x_wconf 87' lang='lat' dir='ltr'><strong>Sat.</strong></span> <span class='ocrx_word' id='word_1_67' title='bbox 370 1209 392 1274; x_wconf 76' lang='grc' dir='ltr'><strong>Ι,</strong></span> <span class='ocrx_word' id='word_1_68' title='bbox 414 1211 443 1275; x_wconf 88' lang='grc'><strong>1,</strong></span> <span class='ocrx_word' id='word_1_69' title='bbox 462 1211 494 1264; x_wconf 74' lang='lat'><strong>12</strong></span> <span class='ocrx_word' id='word_1_70' title='bbox 512 1209 606 1260; x_wconf 71' lang='lat' dir='ltr'><strong>Felices</strong></span> <span class='ocrx_word' id='word_1_71' title='bbox 624 1209 713 1260; x_wconf 79' lang='lat' dir='ltr'><strong>clamat</strong></span> <span class='ocrx_word' id='word_1_72' title='bbox 729 1210 831 1260; x_wconf 76' lang='lat' dir='ltr'><strong>viventes</strong></span> <span class='ocrx_word' id='word_1_73' title='bbox 849 1210 873 1258; x_wconf 87' lang='lat' dir='ltr'><strong>in</strong></span> <span class='ocrx_word' id='word_1_74' title='bbox 891 1211 960 1275; x_wconf 78' lang='lat' dir='ltr'><strong>urbe,</strong></span> <span class='ocrx_word' id='word_1_75' title='bbox 991 1214 1040 1260; x_wconf 89' lang='lat' dir='ltr'><strong>aut</strong></span> <span class='ocrx_word' id='word_1_76' title='bbox 1058 1207 1152 1261; x_wconf 83' lang='lat' dir='ltr'><strong>dativo</strong></span> 
     </span>
    </p>

    <p class='ocr_par' dir='ltr' id='par_1_5' title="bbox 87 1291 1154 3043">
     <span class='ocr_line' id='line_1_10' title="bbox 139 1291 1154 1360; baseline 0 -16"><span class='ocrx_word' id='word_1_77' title='bbox 139 1310 143 1315; x_wconf 93' lang='lat'>·</span> <span class='ocrx_word' id='word_1_78' title='bbox 176 1307 243 1345; x_wconf 91' lang='lat' dir='ltr'><strong>casu</strong></span> <span class='ocrx_word' id='word_1_79' title='bbox 262 1293 387 1359; x_wconf 90' lang='lat' dir='ltr'><strong>positum</strong></span> <span class='ocrx_word' id='word_1_80' title='bbox 415 1291 610 1347; x_wconf 87' lang='lat' dir='ltr'><strong>condicionem</strong></span> <span class='ocrx_word' id='word_1_81' title='bbox 638 1300 776 1346; x_wconf 83' lang='lat' dir='ltr'><strong>statumve</strong></span> <span class='ocrx_word' id='word_1_82' title='bbox 805 1292 910 1345; x_wconf 89' lang='lat' dir='ltr'><strong>actioni</strong></span> <span class='ocrx_word' id='word_1_83' title='bbox 927 1292 1070 1360; x_wconf 76' lang='lat' dir='ltr'><strong>primaria</strong></span> <span class='ocrx_word' id='word_1_84' title='bbox 1089 1292 1154 1344; x_wconf 90' lang='lat' dir='ltr'><strong>sub·</strong></span> 
     </span>
     <span class='ocr_line' id='line_1_11' title="bbox 93 1376 1153 1443; baseline -0.004 -14"><span class='ocrx_word' id='word_1_85' title='bbox 93 1383 98 1393; x_wconf 76' lang='lat'><strong>⁴</strong></span> <span class='ocrx_word' id='word_1_86' title='bbox 169 1376 277 1442; x_wconf 72' lang='lat' dir='ltr'><strong>Jungit:</strong></span> <span class='ocrx_word' id='word_1_87' title='bbox 295 1376 389 1443; x_wconf 80' lang='lat' dir='ltr'><strong>Epist.</strong></span> <span class='ocrx_word' id='word_1_88' title='bbox 408 1377 518 1442; x_wconf 75' lang='lat'>11‚2‚9</span> <span class='ocrx_word' id='word_1_89' title='bbox 541 1377 603 1435; x_wconf 75' lang='lat' dir='ltr'><strong>Quin</strong></span> <span class='ocrx_word' id='word_1_90' title='bbox 614 1380 762 1428; x_wconf 58' lang='lat' dir='ltr'><strong>mmcanct</strong></span> <span class='ocrx_word' id='word_1_91' title='bbox 779 1377 892 1428; x_wconf 82' lang='lat' dir='ltr'><strong>indoctam</strong></span> <span class='ocrx_word' id='word_1_92' title='bbox 910 1377 954 1427; x_wconf 76' lang='lat' dir='ltr'><strong>aad</strong></span> <span class='ocrx_word' id='word_1_93' title='bbox 970 1377 1038 1426; x_wconf 79' lang='lat' dir='ltr'><strong>dulce</strong></span> <span class='ocrx_word' id='word_1_94' title='bbox 1055 1376 1153 1439; x_wconf 53' lang='lat' dir='ltr'><strong>tibenin</strong></span> 
     </span>
     <span class='ocr_line' id='line_1_12' title="bbox 171 1459 1153 1528; baseline 0.001 -16"><span class='ocrx_word' id='word_1_95' title='bbox 171 1461 207 1514; x_wconf 84' lang='lat' dir='ltr'><strong>A.</strong></span> <span class='ocrx_word' id='word_1_96' title='bbox 229 1462 258 1513; x_wconf 88' lang='lat' dir='ltr'><strong>P.</strong></span> <span class='ocrx_word' id='word_1_97' title='bbox 278 1462 329 1516; x_wconf 71' lang='lat' dir='ltr'><strong>:tta</strong></span> <span class='ocrx_word' id='word_1_98' title='bbox 346 1461 504 1526; x_wconf 76' lang='lat' dir='ltr'><strong>Poscentiquc</strong></span> <span class='ocrx_word' id='word_1_99' title='bbox 520 1479 616 1527; x_wconf 78' lang='lat' dir='ltr'><strong>yravem</strong></span> <span class='ocrx_word' id='word_1_100' title='bbox 632 1480 740 1528; x_wconf 70' lang='lat' dir='ltr'><strong>persepe</strong></span> <span class='ocrx_word' id='word_1_101' title='bbox 756 1464 856 1512; x_wconf 81' lang='lat' dir='ltr'><strong>remittit</strong></span> <span class='ocrx_word' id='word_1_102' title='bbox 871 1471 977 1526; x_wconf 78' lang='lat' dir='ltr'><strong>acutum3</strong></span> <span class='ocrx_word' id='word_1_103' title='bbox 1001 1460 1060 1512; x_wconf 85' lang='lat' dir='ltr'><strong>Sat.</strong></span> <span class='ocrx_word' id='word_1_104' title='bbox 1079 1459 1107 1525; x_wconf 89' lang='lat' dir='ltr'><strong>I,</strong></span> <span class='ocrx_word' id='word_1_105' title='bbox 1126 1460 1153 1525; x_wconf 86' lang='lat' dir='ltr'><strong>l,</strong></span> 
     </span>
     <span class='ocr_line' id='line_1_13' title="bbox 168 1543 1154 1612; baseline -0.001 -18"><span class='ocrx_word' id='word_1_106' title='bbox 168 1546 202 1600; x_wconf 84' lang='grc'><strong>49</strong></span> <span class='ocrx_word' id='word_1_107' title='bbox 224 1545 291 1602; x_wconf 81' lang='lat' dir='ltr'><strong>Quid</strong></span> <span class='ocrx_word' id='word_1_108' title='bbox 306 1546 397 1609; x_wconf 80' lang='lat' dir='ltr'><strong>reserat</strong></span> <span class='ocrx_word' id='word_1_109' title='bbox 418 1546 483 1595; x_wconf 84' lang='lat' dir='ltr'><strong>intra</strong></span> <span class='ocrx_word' id='word_1_110' title='bbox 500 1543 605 1596; x_wconf 81' lang='lat' dir='ltr'><strong>Naturoe</strong></span> <span class='ocrx_word' id='word_1_111' title='bbox 623 1548 693 1612; x_wconf 78' lang='lat' dir='ltr'><strong>sines</strong></span> <span class='ocrx_word' id='word_1_112' title='bbox 710 1547 799 1597; x_wconf 85' lang='lat' dir='ltr'><strong>viventi</strong></span> <span class='ocrx_word' id='word_1_113' title='bbox 808 1548 899 1612; x_wconf 73' lang='lat' dir='ltr'><strong>juqera</strong></span> <span class='ocrx_word' id='word_1_114' title='bbox 926 1554 1014 1596; x_wconf 76' lang='lat' dir='ltr'><strong>cenurm</strong></span> <span class='ocrx_word' id='word_1_115' title='bbox 1031 1562 1064 1594; x_wconf 87' lang='lat' dir='ltr'><strong>aa</strong></span> <span class='ocrx_word' id='word_1_116' title='bbox 1081 1544 1154 1594; x_wconf 61' lang='lat' dir='ltr'><strong>Mitte</strong></span> 
     </span>
     <span class='ocr_line' id='line_1_14' title="bbox 170 1626 1152 1696; baseline -0.001 -17"><span class='ocrx_word' id='word_1_117' title='bbox 170 1638 232 1682; x_wconf 77' lang='lat' dir='ltr'><strong>aret.</strong></span> <span class='ocrx_word' id='word_1_118' title='bbox 267 1628 389 1682; x_wconf 85' lang='lat' dir='ltr'><strong>Restant</strong></span> <span class='ocrx_word' id='word_1_119' title='bbox 407 1629 461 1681; x_wconf 90' lang='lat' dir='ltr'><strong>duo</strong></span> <span class='ocrx_word' id='word_1_120' title='bbox 485 1628 557 1696; x_wconf 89' lang='lat' dir='ltr'><strong>loci,</strong></span> <span class='ocrx_word' id='word_1_121' title='bbox 585 1630 686 1695; x_wconf 89' lang='lat' dir='ltr'><strong>quibus</strong></span> <span class='ocrx_word' id='word_1_122' title='bbox 712 1629 847 1683; x_wconf 77' lang='lat' dir='ltr'><strong>Horatius</strong></span> <span class='ocrx_word' id='word_1_123' title='bbox 866 1628 988 1681; x_wconf 90' lang='lat' dir='ltr'><strong>dativum</strong></span> <span class='ocrx_word' id='word_1_124' title='bbox 1007 1626 1152 1695; x_wconf 83' lang='lat' dir='ltr'><strong>participii</strong></span> 
     </span>
     <span class='ocr_line' id='line_1_15' title="bbox 167 1711 1150 1781; baseline -0.003 -17"><span class='ocrx_word' id='word_1_125' title='bbox 167 1712 247 1766; x_wconf 89' lang='lat' dir='ltr'><strong>nullo</strong></span> <span class='ocrx_word' id='word_1_126' title='bbox 267 1711 459 1765; x_wconf 86' lang='lat' dir='ltr'><strong>additamento</strong></span> <span class='ocrx_word' id='word_1_127' title='bbox 480 1712 591 1779; x_wconf 87' lang='lat' dir='ltr'><strong>adjecto</strong></span> <span class='ocrx_word' id='word_1_128' title='bbox 610 1713 708 1781; x_wconf 91' lang='lat' dir='ltr'><strong>paullo</strong></span> <span class='ocrx_word' id='word_1_129' title='bbox 729 1712 827 1767; x_wconf 89' lang='lat' dir='ltr'><strong>durius</strong></span> <span class='ocrx_word' id='word_1_130' title='bbox 846 1713 978 1778; x_wconf 83' lang='lat' dir='ltr'><strong>vocibus,</strong></span> <span class='ocrx_word' id='word_1_131' title='bbox 1002 1726 1064 1777; x_wconf 89' lang='lat' dir='ltr'><strong>quae</strong></span> <span class='ocrx_word' id='word_1_132' title='bbox 1085 1716 1150 1764; x_wconf 90' lang='lat' dir='ltr'><strong>sunt</strong></span> 
     </span>
     <span class='ocr_line' id='line_1_16' title="bbox 165 1796 1150 1865; baseline -0.001 -18"><span class='ocrx_word' id='word_1_133' title='bbox 165 1796 228 1847; x_wconf 78' lang='lat' dir='ltr'><strong>idem</strong></span> <span class='ocrx_word' id='word_1_134' title='bbox 246 1803 275 1850; x_wconf 86' lang='lat' dir='ltr'><strong>et</strong></span> <span class='ocrx_word' id='word_1_135' title='bbox 291 1797 392 1862; x_wconf 63' lang='lat' dir='ltr'><strong>amita,</strong></span> <span class='ocrx_word' id='word_1_136' title='bbox 421 1796 595 1862; x_wconf 86' lang='lat' dir='ltr'><strong>adjunxerit:</strong></span> <span class='ocrx_word' id='word_1_137' title='bbox 623 1798 728 1848; x_wconf 76' lang='lat' dir='ltr'><strong>Inuitum</strong></span> <span class='ocrx_word' id='word_1_138' title='bbox 754 1800 796 1863; x_wconf 82' lang='lat' dir='ltr'><strong>qai</strong></span> <span class='ocrx_word' id='word_1_139' title='bbox 811 1808 905 1865; x_wconf 75' lang='lat' dir='ltr'><strong>ramat,</strong></span> <span class='ocrx_word' id='word_1_140' title='bbox 932 1797 993 1847; x_wconf 85' lang='lat' dir='ltr'><strong>idem</strong></span> <span class='ocrx_word' id='word_1_141' title='bbox 1011 1798 1072 1852; x_wconf 79' lang='lat' dir='ltr'><strong>fucit</strong></span> <span class='ocrx_word' id='word_1_142' title='bbox 1090 1797 1150 1846; x_wconf 79' lang='lat' dir='ltr'><strong>occi·</strong></span> 
     </span>
     <span class='ocr_line' id='line_1_17' title="bbox 115 1870 1151 1948; baseline 0 -17"><span class='ocrx_word' id='word_1_143' title='bbox 115 1918 119 1923; x_wconf 34' lang='lat'>*</span> <span class='ocrx_word' id='word_1_144' title='bbox 165 1870 249 1945; x_wconf 51' lang='lat' dir='ltr'><strong>deiru</strong></span> <span class='ocrx_word' id='word_1_145' title='bbox 270 1880 328 1933; x_wconf 88' lang='lat' dir='ltr'><strong>Sat.</strong></span> <span class='ocrx_word' id='word_1_146' title='bbox 348 1881 385 1948; x_wconf 67' lang='lat' dir='ltr'><strong>II,</strong></span> <span class='ocrx_word' id='word_1_147' title='bbox 405 1884 430 1947; x_wconf 88' lang='lat'><strong>5,</strong></span> <span class='ocrx_word' id='word_1_148' title='bbox 448 1882 482 1936; x_wconf 75' lang='lat'><strong>92</strong></span> <span class='ocrx_word' id='word_1_149' title='bbox 499 1881 604 1932; x_wconf 81' lang='lat' dir='ltr'><strong>Multam</strong></span> <span class='ocrx_word' id='word_1_150' title='bbox 622 1882 708 1945; x_wconf 73' lang='lat' dir='ltr'><strong>similia</strong></span> <span class='ocrx_word' id='word_1_151' title='bbox 726 1883 842 1934; x_wconf 82' lang='lat' dir='ltr'><strong>metuenti.</strong></span> <span class='ocrx_word' id='word_1_152' title='bbox 898 1881 945 1934; x_wconf 84' lang='lat' dir='ltr'><strong>Sic</strong></span> <span class='ocrx_word' id='word_1_153' title='bbox 963 1879 1100 1948; x_wconf 77' lang='lat' dir='ltr'><strong>Virgilius</strong></span> <span class='ocrx_word' id='word_1_154' title='bbox 1121 1886 1151 1931; x_wconf 81' lang='lat' dir='ltr'><strong>et</strong></span> 
     </span>
     <span class='ocr_line' id='line_1_18' title="bbox 87 1958 1146 2033; baseline -0.001 -17"><span class='ocrx_word' id='word_1_155' title='bbox 87 1958 91 1963; x_wconf 73' lang='grc'>’</span> <span class='ocrx_word' id='word_1_156' title='bbox 166 1963 283 2017; x_wconf 83' lang='lat' dir='ltr'><strong>Ovidius</strong></span> <span class='ocrx_word' id='word_1_157' title='bbox 295 1964 417 2017; x_wconf 83' lang='lat' dir='ltr'><strong>dativum</strong></span> <span class='ocrx_word' id='word_1_158' title='bbox 437 1964 581 2031; x_wconf 85' lang='lat' dir='ltr'><strong>participii</strong></span> <span class='ocrx_word' id='word_1_159' title='bbox 600 1963 752 2033; x_wconf 64' lang='lat' dir='ltr'><strong>adjectivo,</strong></span> <span class='ocrx_word' id='word_1_160' title='bbox 773 1965 1025 2032; x_wconf 63' lang='lat' dir='ltr'><strong>modestimine,</strong></span> <span class='ocrx_word' id='word_1_161' title='bbox 1046 1963 1146 2016; x_wconf 88' lang='lat' dir='ltr'><strong>crebro</strong></span> 
     </span>
     <span class='ocr_line' id='line_1_19' title="bbox 169 2046 1146 2117; baseline -0.003 -16"><span class='ocrx_word' id='word_1_162' title='bbox 169 2049 289 2103; x_wconf 88' lang='lat' dir='ltr'><strong>addunt:</strong></span> <span class='ocrx_word' id='word_1_163' title='bbox 306 2049 424 2117; x_wconf 88' lang='lat' dir='ltr'><strong>primum</strong></span> <span class='ocrx_word' id='word_1_164' title='bbox 443 2049 491 2101; x_wconf 89' lang='lat' dir='ltr'><strong>ubi</strong></span> <span class='ocrx_word' id='word_1_165' title='bbox 510 2063 635 2115; x_wconf 88' lang='lat' dir='ltr'><strong>persona</strong></span> <span class='ocrx_word' id='word_1_166' title='bbox 659 2048 755 2115; x_wconf 88' lang='lat' dir='ltr'><strong>aliqua</strong></span> <span class='ocrx_word' id='word_1_167' title='bbox 774 2049 905 2103; x_wconf 89' lang='lat' dir='ltr'><strong>simulate</strong></span> <span class='ocrx_word' id='word_1_168' title='bbox 926 2063 1010 2117; x_wconf 86' lang='lat' dir='ltr'><strong>agore</strong></span> <span class='ocrx_word' id='word_1_169' title='bbox 1030 2046 1076 2101; x_wconf 86' lang='lat' dir='ltr'><strong>vel</strong></span> <span class='ocrx_word' id='word_1_170' title='bbox 1094 2047 1146 2099; x_wconf 92' lang='lat' dir='ltr'><strong>im·</strong></span> 
     </span>
     <span class='ocr_line' id='line_1_20' title="bbox 164 2132 1149 2203; baseline -0.001 -18"><span class='ocrx_word' id='word_1_171' title='bbox 164 2132 289 2200; x_wconf 84' lang='lat' dir='ltr'><strong>prudens</strong></span> <span class='ocrx_word' id='word_1_172' title='bbox 306 2133 431 2200; x_wconf 87' lang='lat' dir='ltr'><strong>speciem</strong></span> <span class='ocrx_word' id='word_1_173' title='bbox 455 2134 525 2185; x_wconf 86' lang='lat' dir='ltr'><strong>certi</strong></span> <span class='ocrx_word' id='word_1_174' title='bbox 542 2133 626 2185; x_wconf 88' lang='lat' dir='ltr'><strong>animi</strong></span> <span class='ocrx_word' id='word_1_175' title='bbox 637 2133 755 2188; x_wconf 86' lang='lat' dir='ltr'><strong>affectus</strong></span> <span class='ocrx_word' id='word_1_176' title='bbox 773 2150 832 2203; x_wconf 84' lang='lat' dir='ltr'><strong>prae</strong></span> <span class='ocrx_word' id='word_1_177' title='bbox 852 2150 883 2189; x_wconf 87' lang='lat' dir='ltr'><strong>se</strong></span> <span class='ocrx_word' id='word_1_178' title='bbox 902 2137 974 2189; x_wconf 86' lang='lat' dir='ltr'><strong>terre</strong></span> <span class='ocrx_word' id='word_1_179' title='bbox 994 2132 1101 2185; x_wconf 87' lang='lat' dir='ltr'><strong>dicitur</strong></span> <span class='ocrx_word' id='word_1_180' title='bbox 1117 2159 1149 2168; x_wconf 93' lang='lat'><em>-</em></span> 
     </span>
     <span class='ocr_line' id='line_1_21' title="bbox 165 2216 1147 2284; baseline -0.004 -16"><span class='ocrx_word' id='word_1_181' title='bbox 165 2219 206 2280; x_wconf 83' lang='lat' dir='ltr'><strong>(ut</strong></span> <span class='ocrx_word' id='word_1_182' title='bbox 224 2216 286 2270; x_wconf 90' lang='lat' dir='ltr'><strong>loco</strong></span> <span class='ocrx_word' id='word_1_183' title='bbox 305 2217 473 2284; x_wconf 87' lang='lat' dir='ltr'><strong>Horatiano,</strong></span> <span class='ocrx_word' id='word_1_184' title='bbox 494 2231 575 2283; x_wconf 89' lang='lat' dir='ltr'><strong>quem</strong></span> <span class='ocrx_word' id='word_1_185' title='bbox 601 2233 687 2284; x_wconf 86' lang='lat' dir='ltr'><strong>supra</strong></span> <span class='ocrx_word' id='word_1_186' title='bbox 709 2218 872 2284; x_wconf 86' lang='lat' dir='ltr'><strong>posuimus:</strong></span> <span class='ocrx_word' id='word_1_187' title='bbox 890 2221 978 2270; x_wconf 77' lang='lat' dir='ltr'><strong>Davus</strong></span> <span class='ocrx_word' id='word_1_188' title='bbox 995 2219 1029 2267; x_wconf 77' lang='lat' dir='ltr'><strong>eir</strong></span> <span class='ocrx_word' id='word_1_189' title='bbox 1047 2217 1147 2266; x_wconf 82' lang='lat' dir='ltr'><strong>comicas</strong></span> 
     </span>
     <span class='ocr_line' id='line_1_22' title="bbox 160 2300 1146 2369; baseline -0.002 -17"><span class='ocrx_word' id='word_1_190' title='bbox 160 2311 235 2366; x_wconf 80' lang='lat' dir='ltr'><strong>atque</strong></span> <span class='ocrx_word' id='word_1_191' title='bbox 252 2300 307 2352; x_wconf 76' lang='lat' dir='ltr'><strong>Stes</strong></span> <span class='ocrx_word' id='word_1_192' title='bbox 324 2302 415 2366; x_wconf 73' lang='lat' dir='ltr'><strong>obstipo</strong></span> <span class='ocrx_word' id='word_1_193' title='bbox 441 2303 518 2366; x_wconf 81' lang='lat' dir='ltr'><strong>capite</strong></span> <span class='ocrx_word' id='word_1_194' title='bbox 545 2303 640 2352; x_wconf 68' lang='lat' dir='ltr'><strong>nnattam</strong></span> <span class='ocrx_word' id='word_1_195' title='bbox 666 2303 752 2354; x_wconf 67' lang='lat' dir='ltr'><strong>struitis</strong></span> <span class='ocrx_word' id='word_1_196' title='bbox 779 2305 900 2369; x_wconf 81' lang='lat' dir='ltr'><strong>metuenti;</strong></span> <span class='ocrx_word' id='word_1_197' title='bbox 929 2302 1007 2354; x_wconf 79' lang='lat' dir='ltr'><strong>ovid.</strong></span> <span class='ocrx_word' id='word_1_198' title='bbox 1026 2301 1146 2353; x_wconf 89' lang='lat' dir='ltr'><strong>Metam.</strong></span> 
     </span>
     <span class='ocr_line' id='line_1_23' title="bbox 161 2385 1154 2452; baseline -0.003 -13"><span class='ocrx_word' id='word_1_199' title='bbox 161 2386 219 2451; x_wconf 79' lang='lat' dir='ltr'>III,</span> <span class='ocrx_word' id='word_1_200' title='bbox 245 2386 296 2441; x_wconf 86' lang='grc'><strong>650</strong></span> <span class='ocrx_word' id='word_1_201' title='bbox 318 2385 377 2435; x_wconf 80' lang='lat' dir='ltr'><strong>Tum</strong></span> <span class='ocrx_word' id='word_1_202' title='bbox 396 2386 453 2436; x_wconf 79' lang='lat' dir='ltr'><strong>deas</strong></span> <span class='ocrx_word' id='word_1_203' title='bbox 479 2386 607 2439; x_wconf 79' lang='lat' dir='ltr'><strong>illudens.</strong></span> <span class='ocrx_word' id='word_1_204' title='bbox 628 2427 633 2438; x_wconf 94' lang='lat'><em>.</em></span> <span class='ocrx_word' id='word_1_205' title='bbox 654 2424 662 2441; x_wconf 83' lang='lat'><strong>.</strong></span> <span class='ocrx_word' id='word_1_206' title='bbox 680 2388 716 2436; x_wconf 90' lang='lat' dir='ltr'><strong>Et</strong></span> <span class='ocrx_word' id='word_1_207' title='bbox 733 2387 808 2451; x_wconf 79' lang='lat' dir='ltr'><strong>flenti</strong></span> <span class='ocrx_word' id='word_1_208' title='bbox 832 2387 918 2436; x_wconf 79' lang='lat' dir='ltr'><strong>ainriit&#39;a</strong></span> <span class='ocrx_word' id='word_1_209' title='bbox 945 2426 976 2438; x_wconf 92' lang='lat'><strong>..</strong></span> <span class='ocrx_word' id='word_1_210' title='bbox 997 2401 1051 2452; x_wconf 88' lang='lat' dir='ltr'><strong>quo</strong></span> <span class='ocrx_word' id='word_1_211' title='bbox 1081 2385 1154 2451; x_wconf 37' lang='lat' dir='ltr'><strong>loco·</strong></span> 
     </span>
     <span class='ocr_line' id='line_1_24' title="bbox 161 2469 1144 2536; baseline -0.001 -14"><span class='ocrx_word' id='word_1_212' title='bbox 161 2469 233 2523; x_wconf 88' lang='lat' dir='ltr'><strong>deus</strong></span> <span class='ocrx_word' id='word_1_213' title='bbox 252 2476 355 2522; x_wconf 88' lang='lat' dir='ltr'><strong>nautas</strong></span> <span class='ocrx_word' id='word_1_214' title='bbox 380 2469 501 2523; x_wconf 87' lang='lat' dir='ltr'><strong>irridens</strong></span> <span class='ocrx_word' id='word_1_215' title='bbox 529 2470 621 2524; x_wconf 88' lang='lat' dir='ltr'><strong>flebili</strong></span> <span class='ocrx_word' id='word_1_216' title='bbox 640 2470 723 2524; x_wconf 89' lang='lat' dir='ltr'><strong>modo</strong></span> <span class='ocrx_word' id='word_1_217' title='bbox 752 2485 801 2523; x_wconf 89' lang='lat' dir='ltr'><strong>eos</strong></span> <span class='ocrx_word' id='word_1_218' title='bbox 821 2470 976 2536; x_wconf 82' lang='lat' dir='ltr'><strong>alloquitur</strong></span> <span class='ocrx_word' id='word_1_219' title='bbox 993 2471 1043 2523; x_wconf 84' lang='lat' dir='ltr'><strong>etr.</strong></span> <span class='ocrx_word' id='word_1_220' title='bbox 1065 2469 1144 2523; x_wconf 80' lang='lat' dir='ltr'><strong>Ouid.</strong></span> 
     </span>
     <span class='ocr_line' id='line_1_25' title="bbox 162 2553 1146 2620; baseline 0 -13"><span class='ocrx_word' id='word_1_221' title='bbox 162 2554 231 2607; x_wconf 83' lang='lat' dir='ltr'><strong>Met.</strong></span> <span class='ocrx_word' id='word_1_222' title='bbox 248 2554 292 2620; x_wconf 90' lang='lat'><strong>11,</strong></span> <span class='ocrx_word' id='word_1_223' title='bbox 312 2555 370 2620; x_wconf 80' lang='lat'><strong>500,</strong></span> <span class='ocrx_word' id='word_1_224' title='bbox 389 2554 436 2607; x_wconf 89' lang='lat' dir='ltr'><strong>ubi</strong></span> <span class='ocrx_word' id='word_1_225' title='bbox 455 2561 542 2620; x_wconf 87' lang='lat' dir='ltr'><strong>poeta</strong></span> <span class='ocrx_word' id='word_1_226' title='bbox 565 2554 600 2607; x_wconf 88' lang='lat' dir='ltr'><strong>de</strong></span> <span class='ocrx_word' id='word_1_227' title='bbox 626 2562 715 2607; x_wconf 91' lang='lat' dir='ltr'><strong>matre</strong></span> <span class='ocrx_word' id='word_1_228' title='bbox 743 2555 771 2606; x_wconf 92' lang='lat' dir='ltr'><strong>iu</strong></span> <span class='ocrx_word' id='word_1_229' title='bbox 801 2569 894 2607; x_wconf 89' lang='lat' dir='ltr'><strong>ursam</strong></span> <span class='ocrx_word' id='word_1_230' title='bbox 912 2562 1021 2607; x_wconf 89' lang='lat' dir='ltr'><strong>mutata</strong></span> <span class='ocrx_word' id='word_1_231' title='bbox 1040 2561 1069 2607; x_wconf 90' lang='lat' dir='ltr'><strong>et</strong></span> <span class='ocrx_word' id='word_1_232' title='bbox 1086 2553 1146 2607; x_wconf 89' lang='lat' dir='ltr'><strong>filio</strong></span> 
     </span>
     <span class='ocr_line' id='line_1_26' title="bbox 160 2637 1144 2705; baseline -0.003 -13"><span class='ocrx_word' id='word_1_233' title='bbox 160 2637 273 2692; x_wconf 75' lang='lat' dir='ltr'><strong>obuiam</strong></span> <span class='ocrx_word' id='word_1_234' title='bbox 290 2639 368 2692; x_wconf 74' lang='lat' dir='ltr'><strong>tacta</strong></span> <span class='ocrx_word' id='word_1_235' title='bbox 385 2638 439 2692; x_wconf 84' lang='lat' dir='ltr'><strong>hoo</strong></span> <span class='ocrx_word' id='word_1_236' title='bbox 459 2638 541 2691; x_wconf 85' lang='lat' dir='ltr'><strong>dicit:</strong></span> <span class='ocrx_word' id='word_1_237' title='bbox 560 2640 664 2691; x_wconf 71' lang='lat' dir='ltr'><strong>Restitit</strong></span> <span class='ocrx_word' id='word_1_238' title='bbox 681 2639 779 2690; x_wconf 80' lang='lat' dir='ltr'><strong>Arcade</strong></span> <span class='ocrx_word' id='word_1_239' title='bbox 797 2641 847 2690; x_wconf 76' lang='lat' dir='ltr'><strong>vieo</strong></span> <span class='ocrx_word' id='word_1_240' title='bbox 864 2640 899 2690; x_wconf 87' lang='lat' dir='ltr'><strong>Et</strong></span> <span class='ocrx_word' id='word_1_241' title='bbox 917 2641 1064 2705; x_wconf 76' lang='lat' dir='ltr'><strong>coqnoacenti</strong></span> <span class='ocrx_word' id='word_1_242' title='bbox 1079 2641 1144 2690; x_wconf 77' lang='lat' dir='ltr'><strong>aimi-</strong></span> 
     </span>
     <span class='ocr_line' id='line_1_27' title="bbox 160 2722 1147 2790; baseline 0.001 -16"><span class='ocrx_word' id='word_1_243' title='bbox 160 2722 260 2786; x_wconf 75' lang='lat' dir='ltr'><strong>ttesuit)</strong></span> <span class='ocrx_word' id='word_1_244' title='bbox 272 2751 302 2760; x_wconf 97' lang='lat'><em>-</em></span> <span class='ocrx_word' id='word_1_245' title='bbox 316 2722 417 2777; x_wconf 88' lang='lat' dir='ltr'><strong>deiude</strong></span> <span class='ocrx_word' id='word_1_246' title='bbox 428 2723 476 2775; x_wconf 89' lang='lat' dir='ltr'><strong>ubi</strong></span> <span class='ocrx_word' id='word_1_247' title='bbox 487 2737 620 2790; x_wconf 77' lang='lat' dir='ltr'><strong>persona,</strong></span> <span class='ocrx_word' id='word_1_248' title='bbox 642 2737 703 2788; x_wconf 85' lang='lat' dir='ltr'><strong>quae</strong></span> <span class='ocrx_word' id='word_1_249' title='bbox 723 2722 752 2776; x_wconf 92' lang='lat' dir='ltr'><strong>iu</strong></span> <span class='ocrx_word' id='word_1_250' title='bbox 772 2730 874 2776; x_wconf 86' lang='lat' dir='ltr'><strong>conatu</strong></span> <span class='ocrx_word' id='word_1_251' title='bbox 892 2729 1029 2789; x_wconf 85' lang='lat' dir='ltr'><strong>versatur,</strong></span> <span class='ocrx_word' id='word_1_252' title='bbox 1049 2723 1147 2777; x_wconf 89' lang='lat' dir='ltr'><strong>simili-</strong></span> 
     </span>
     <span class='ocr_line' id='line_1_28' title="bbox 161 2806 1146 2874; baseline 0.005 -15"><span class='ocrx_word' id='word_1_253' title='bbox 161 2806 285 2860; x_wconf 90' lang='lat' dir='ltr'><strong>tudinem</strong></span> <span class='ocrx_word' id='word_1_254' title='bbox 313 2807 434 2860; x_wconf 89' lang='lat' dir='ltr'><strong>hominis</strong></span> <span class='ocrx_word' id='word_1_255' title='bbox 460 2822 520 2860; x_wconf 89' lang='lat' dir='ltr'><strong>rem</strong></span> <span class='ocrx_word' id='word_1_256' title='bbox 548 2807 674 2861; x_wconf 78' lang='lat' dir='ltr'><strong>assecuti</strong></span> <span class='ocrx_word' id='word_1_257' title='bbox 703 2808 777 2874; x_wconf 82' lang='lat' dir='ltr'><strong>gerit</strong></span> <span class='ocrx_word' id='word_1_258' title='bbox 794 2807 882 2874; x_wconf 83' lang='lat' dir='ltr'><strong>(Virg.</strong></span> <span class='ocrx_word' id='word_1_259' title='bbox 904 2810 975 2862; x_wconf 85' lang='lat' dir='ltr'><strong>Aen.</strong></span> <span class='ocrx_word' id='word_1_260' title='bbox 1002 2807 1067 2870; x_wconf 89' lang='lat' dir='ltr'>XII,</span> <span class='ocrx_word' id='word_1_261' title='bbox 1095 2811 1146 2864; x_wconf 71' lang='lat'><strong>754</strong></span> 
     </span>
     <span class='ocr_line' id='line_1_29' title="bbox 159 2891 1145 2960; baseline 0.003 -18"><span class='ocrx_word' id='word_1_262' title='bbox 159 2891 246 2942; x_wconf 83' lang='lat' dir='ltr'><strong>Hoerct</strong></span> <span class='ocrx_word' id='word_1_263' title='bbox 264 2892 348 2957; x_wconf 75' lang='lat' dir='ltr'><strong>itione,</strong></span> <span class='ocrx_word' id='word_1_264' title='bbox 369 2896 425 2958; x_wconf 87' lang='lat' dir='ltr'><strong>jam</strong></span> <span class='ocrx_word' id='word_1_265' title='bbox 442 2895 541 2958; x_wconf 79' lang='lat' dir='ltr'><strong>jamque</strong></span> <span class='ocrx_word' id='word_1_266' title='bbox 565 2902 637 2958; x_wconf 78' lang='lat' dir='ltr'><strong>tenet,</strong></span> <span class='ocrx_word' id='word_1_267' title='bbox 666 2892 800 2957; x_wconf 78' lang='lat' dir='ltr'><strong>similiaque</strong></span> <span class='ocrx_word' id='word_1_268' title='bbox 818 2894 904 2943; x_wconf 84' lang='lat' dir='ltr'><strong>tenenti</strong></span> <span class='ocrx_word' id='word_1_269' title='bbox 920 2894 1043 2960; x_wconf 79' lang='lat' dir='ltr'><strong>Increpait</strong></span> <span class='ocrx_word' id='word_1_270' title='bbox 1060 2895 1145 2960; x_wconf 50' lang='lat' dir='ltr'><strong>malm</strong></span> 
     </span>
     <span class='ocr_line' id='line_1_30' title="bbox 161 2973 1145 3043; baseline 0.002 -16"><span class='ocrx_word' id='word_1_271' title='bbox 161 2973 392 3043; x_wconf 82' lang='lat' dir='ltr'><strong>Ovid.ltetvl1‚</strong></span> <span class='ocrx_word' id='word_1_272' title='bbox 409 2979 459 3032; x_wconf 86' lang='grc'><strong>785</strong></span> <span class='ocrx_word' id='word_1_273' title='bbox 477 2977 586 3027; x_wconf 81' lang='lat' dir='ltr'><strong>Imminet</strong></span> <span class='ocrx_word' id='word_1_274' title='bbox 596 2977 792 3041; x_wconf 68' lang='lat' dir='ltr'><strong>insequiturque</strong></span> <span class='ocrx_word' id='word_1_275' title='bbox 806 2995 891 3042; x_wconf 83' lang='lat' dir='ltr'><strong>parem</strong></span> <span class='ocrx_word' id='word_1_276' title='bbox 909 2978 1039 3042; x_wconf 75' lang='lat' dir='ltr'><strong>similiaque</strong></span> <span class='ocrx_word' id='word_1_277' title='bbox 1058 2981 1145 3029; x_wconf 79' lang='lat' dir='ltr'><strong>tenenti</strong></span> 
     </span>
    </p>

    <p class='ocr_par' dir='ltr' id='par_1_6' title="bbox 156 3060 1220 3128">
     <span class='ocr_line' id='line_1_31' title="bbox 156 3060 1220 3128; baseline 0.002 -17"><span class='ocrx_word' id='word_1_278' title='bbox 156 3079 204 3111; x_wconf 77' lang='lat' dir='ltr'><strong>non</strong></span> <span class='ocrx_word' id='word_1_279' title='bbox 222 3061 306 3126; x_wconf 80' lang='lat' dir='ltr'><strong>tener),</strong></span> <span class='ocrx_word' id='word_1_280' title='bbox 327 3074 389 3125; x_wconf 87' lang='lat' dir='ltr'><strong>quae</strong></span> <span class='ocrx_word' id='word_1_281' title='bbox 409 3065 500 3114; x_wconf 85' lang='lat' dir='ltr'><strong>status</strong></span> <span class='ocrx_word' id='word_1_282' title='bbox 515 3061 575 3128; x_wconf 88' lang='lat' dir='ltr'><strong>jam</strong></span> <span class='ocrx_word' id='word_1_283' title='bbox 591 3061 650 3126; x_wconf 88' lang='lat' dir='ltr'><strong>jam</strong></span> <span class='ocrx_word' id='word_1_284' title='bbox 668 3060 801 3113; x_wconf 84' lang='lat' dir='ltr'><strong>intrantia</strong></span> <span class='ocrx_word' id='word_1_285' title='bbox 819 3061 899 3113; x_wconf 88' lang='lat' dir='ltr'><strong>notio</strong></span> <span class='ocrx_word' id='word_1_286' title='bbox 919 3061 976 3127; x_wconf 87' lang='lat' dir='ltr'><strong>ipsi</strong></span> <span class='ocrx_word' id='word_1_287' title='bbox 1005 3061 1144 3114; x_wconf 90' lang='lat' dir='ltr'><strong>locutioni</strong></span> <span class='ocrx_word' id='word_1_288' title='bbox 1216 3088 1220 3097; x_wconf 90' lang='lat'><em>·</em></span> 
     </span>
    </p>

    <p class='ocr_par' dir='ltr' id='par_1_7' title="bbox 152 3142 1146 4142">
     <span class='ocr_line' id='line_1_32' title="bbox 160 3142 1144 3212; baseline 0.001 -16"><span class='ocrx_word' id='word_1_289' title='bbox 160 3144 219 3198; x_wconf 82' lang='lat' dir='ltr'><strong>iere</strong></span> <span class='ocrx_word' id='word_1_290' title='bbox 239 3142 391 3209; x_wconf 83' lang='lat' dir='ltr'><strong>subjicitur</strong></span> <span class='ocrx_word' id='word_1_291' title='bbox 409 3144 471 3209; x_wconf 81' lang='lat' dir='ltr'><strong>(cfr.</strong></span> <span class='ocrx_word' id='word_1_292' title='bbox 489 3143 565 3211; x_wconf 82' lang='lat' dir='ltr'><strong>Virg.</strong></span> <span class='ocrx_word' id='word_1_293' title='bbox 587 3147 658 3199; x_wconf 83' lang='lat' dir='ltr'><strong>Aen.</strong></span> <span class='ocrx_word' id='word_1_294' title='bbox 678 3143 730 3208; x_wconf 73' lang='lat' dir='ltr'><strong>Vl,</strong></span> <span class='ocrx_word' id='word_1_295' title='bbox 750 3147 801 3200; x_wconf 75' lang='lat'><strong>662</strong></span> <span class='ocrx_word' id='word_1_296' title='bbox 819 3144 889 3196; x_wconf 68' lang='lat' dir='ltr'><strong>Siler</strong></span> <span class='ocrx_word' id='word_1_297' title='bbox 900 3148 1023 3212; x_wconf 86' lang='lat' dir='ltr'><strong>jamjam</strong></span> <span class='ocrx_word' id='word_1_298' title='bbox 1041 3147 1144 3212; x_wconf 79' lang='lat' dir='ltr'><strong>lapsura</strong></span> 
     </span>
     <span class='ocr_line' id='line_1_33' title="bbox 159 3228 1144 3297; baseline -0.001 -17"><span class='ocrx_word' id='word_1_299' title='bbox 159 3229 301 3294; x_wconf 78' lang='lat' dir='ltr'><strong>cndmtique</strong></span> <span class='ocrx_word' id='word_1_300' title='bbox 317 3229 425 3280; x_wconf 80' lang='lat' dir='ltr'><strong>Imminet</strong></span> <span class='ocrx_word' id='word_1_301' title='bbox 435 3230 562 3294; x_wconf 77' lang='lat' dir='ltr'><strong>aaairnilis)</strong></span> <span class='ocrx_word' id='word_1_302' title='bbox 572 3259 605 3267; x_wconf 96' lang='lat'><strong>—</strong></span> <span class='ocrx_word' id='word_1_303' title='bbox 616 3229 717 3281; x_wconf 86' lang='lat' dir='ltr'><strong>crebro</strong></span> <span class='ocrx_word' id='word_1_304' title='bbox 728 3228 849 3294; x_wconf 84' lang='lat' dir='ltr'><strong>denique</strong></span> <span class='ocrx_word' id='word_1_305' title='bbox 869 3228 1038 3297; x_wconf 74' lang='lat' dir='ltr'><strong>adjectivum</strong></span> <span class='ocrx_word' id='word_1_306' title='bbox 1056 3231 1144 3280; x_wconf 75' lang='lat' dir='ltr'><strong>similis</strong></span> 
     </span>
     <span class='ocr_line' id='line_1_34' title="bbox 159 3312 1144 3382; baseline 0.001 -16"><span class='ocrx_word' id='word_1_307' title='bbox 159 3328 222 3366; x_wconf 89' lang='lat' dir='ltr'><strong>cum</strong></span> <span class='ocrx_word' id='word_1_308' title='bbox 241 3312 335 3366; x_wconf 84' lang='lat' dir='ltr'><strong>dativo</strong></span> <span class='ocrx_word' id='word_1_309' title='bbox 354 3313 499 3380; x_wconf 87' lang='lat' dir='ltr'><strong>participii</strong></span> <span class='ocrx_word' id='word_1_310' title='bbox 518 3314 650 3379; x_wconf 81' lang='lat' dir='ltr'><strong>subjecto</strong></span> <span class='ocrx_word' id='word_1_311' title='bbox 670 3314 792 3367; x_wconf 87' lang='lat' dir='ltr'><strong>actionis</strong></span> <span class='ocrx_word' id='word_1_312' title='bbox 804 3313 965 3382; x_wconf 87' lang='lat' dir='ltr'><strong>adjunctum</strong></span> <span class='ocrx_word' id='word_1_313' title='bbox 986 3328 1077 3382; x_wconf 87' lang='lat' dir='ltr'><strong>prope</strong></span> <span class='ocrx_word' id='word_1_314' title='bbox 1097 3314 1144 3367; x_wconf 83' lang='lat' dir='ltr'><strong>ad-</strong></span> 
     </span>
     <span class='ocr_line' id='line_1_35' title="bbox 155 3396 1144 3466; baseline 0.005 -16"><span class='ocrx_word' id='word_1_315' title='bbox 155 3397 248 3450; x_wconf 79' lang='lat' dir='ltr'><strong>verbii</strong></span> <span class='ocrx_word' id='word_1_316' title='bbox 267 3398 331 3450; x_wconf 91' lang='lat' dir='ltr'><strong>loco</strong></span> <span class='ocrx_word' id='word_1_317' title='bbox 351 3398 457 3450; x_wconf 90' lang='lat' dir='ltr'><strong>actioni</strong></span> <span class='ocrx_word' id='word_1_318' title='bbox 476 3397 619 3466; x_wconf 74' lang='lat' dir='ltr'><strong>primaria</strong></span> <span class='ocrx_word' id='word_1_319' title='bbox 644 3398 762 3464; x_wconf 79' lang='lat' dir='ltr'><strong>adjungi</strong></span> <span class='ocrx_word' id='word_1_320' title='bbox 781 3397 893 3451; x_wconf 88' lang='lat' dir='ltr'><strong>videtur</strong></span> <span class='ocrx_word' id='word_1_321' title='bbox 912 3398 992 3463; x_wconf 86' lang='lat' dir='ltr'><strong>(Met.</strong></span> <span class='ocrx_word' id='word_1_322' title='bbox 1012 3396 1073 3464; x_wconf 88' lang='lat' dir='ltr'><strong>VH,</strong></span> <span class='ocrx_word' id='word_1_323' title='bbox 1091 3401 1144 3455; x_wconf 75' lang='lat'><strong>502</strong></span> 
     </span>
     <span class='ocr_line' id='line_1_36' title="bbox 161 3482 1145 3549; baseline 0.006 -19"><span class='ocrx_word' id='word_1_324' title='bbox 161 3483 278 3549; x_wconf 70' lang='lat' dir='ltr'><strong>(Cumis)</strong></span> <span class='ocrx_word' id='word_1_325' title='bbox 296 3492 378 3546; x_wconf 81' lang='lat' dir='ltr'><strong>questa</strong></span> <span class='ocrx_word' id='word_1_326' title='bbox 397 3483 537 3548; x_wconf 80' lang='lat' dir='ltr'><strong>imploranti</strong></span> <span class='ocrx_word' id='word_1_327' title='bbox 552 3484 637 3533; x_wconf 78' lang='lat' dir='ltr'><strong>similis</strong></span> <span class='ocrx_word' id='word_1_328' title='bbox 654 3494 736 3534; x_wconf 81' lang='lat' dir='ltr'><strong>tactam</strong></span> <span class='ocrx_word' id='word_1_329' title='bbox 754 3502 820 3534; x_wconf 86' lang='lat' dir='ltr'><strong>omne</strong></span> <span class='ocrx_word' id='word_1_330' title='bbox 836 3484 958 3549; x_wconf 58' lang='lat' dir='ltr'><strong>replebam</strong></span> <span class='ocrx_word' id='word_1_331' title='bbox 978 3482 1056 3535; x_wconf 87' lang='lat' dir='ltr'><strong>Ovid.</strong></span> <span class='ocrx_word' id='word_1_332' title='bbox 1075 3483 1145 3537; x_wconf 85' lang='lat' dir='ltr'><strong>Met.</strong></span> 
     </span>
     <span class='ocr_line' id='line_1_37' title="bbox 156 3567 1143 3633; baseline 0.001 -13"><span class='ocrx_word' id='word_1_333' title='bbox 156 3567 212 3633; x_wconf 88' lang='lat' dir='ltr'>III,</span> <span class='ocrx_word' id='word_1_334' title='bbox 230 3568 281 3622; x_wconf 63' lang='grc' dir='ltr'><strong>ΜΟ</strong></span> <span class='ocrx_word' id='word_1_335' title='bbox 300 3568 411 3633; x_wconf 78' lang='lat' dir='ltr'><strong>(Cervus)</strong></span> <span class='ocrx_word' id='word_1_336' title='bbox 431 3568 517 3618; x_wconf 80' lang='lat' dir='ltr'><strong>similis</strong></span> <span class='ocrx_word' id='word_1_337' title='bbox 534 3569 631 3632; x_wconf 75' lang='lat' dir='ltr'><strong>royanti</strong></span> <span class='ocrx_word' id='word_1_338' title='bbox 652 3570 794 3627; x_wconf 77' lang='lat' dir='ltr'><strong>Circumfert</strong></span> <span class='ocrx_word' id='word_1_339' title='bbox 817 3571 903 3619; x_wconf 75' lang='lat' dir='ltr'><strong>tacitos</strong></span> <span class='ocrx_word' id='word_1_340' title='bbox 924 3568 1024 3632; x_wconf 78' lang='lat' dir='ltr'><strong>vultus).</strong></span> <span class='ocrx_word' id='word_1_341' title='bbox 1063 3567 1143 3621; x_wconf 86' lang='lat' dir='ltr'><strong>Simi-</strong></span> 
     </span>
     <span class='ocr_line' id='line_1_38' title="bbox 155 3650 1146 3720; baseline 0 -16"><span class='ocrx_word' id='word_1_342' title='bbox 155 3652 211 3705; x_wconf 91' lang='lat' dir='ltr'><strong>lem</strong></span> <span class='ocrx_word' id='word_1_343' title='bbox 230 3650 366 3716; x_wconf 88' lang='lat' dir='ltr'><strong>loqueudi</strong></span> <span class='ocrx_word' id='word_1_344' title='bbox 386 3650 504 3703; x_wconf 85' lang='lat' dir='ltr'><strong>formam</strong></span> <span class='ocrx_word' id='word_1_345' title='bbox 516 3651 716 3717; x_wconf 86' lang='lat' dir='ltr'><strong>priorHoratii</strong></span> <span class='ocrx_word' id='word_1_346' title='bbox 736 3654 816 3707; x_wconf 90' lang='lat' dir='ltr'><strong>locus</strong></span> <span class='ocrx_word' id='word_1_347' title='bbox 835 3653 961 3720; x_wconf 85' lang='lat' dir='ltr'><strong>praebet:</strong></span> <span class='ocrx_word' id='word_1_348' title='bbox 980 3653 1085 3703; x_wconf 80' lang='lat' dir='ltr'><strong>Invitum</strong></span> <span class='ocrx_word' id='word_1_349' title='bbox 1103 3656 1146 3718; x_wconf 76' lang='lat' dir='ltr'><strong>qut</strong></span> 
     </span>
     <span class='ocr_line' id='line_1_39' title="bbox 153 3736 1145 3803; baseline 0.003 -15"><span class='ocrx_word' id='word_1_350' title='bbox 153 3747 239 3788; x_wconf 72' lang='lat' dir='ltr'><strong>servat</strong></span> <span class='ocrx_word' id='word_1_351' title='bbox 257 3736 633 3798; x_wconf 79' lang='lat' dir='ltr'><strong>idemfacttoccidentizidem</strong></span> <span class='ocrx_word' id='word_1_352' title='bbox 652 3737 721 3790; x_wconf 86' lang='lat' dir='ltr'><strong>facit</strong></span> <span class='ocrx_word' id='word_1_353' title='bbox 732 3744 816 3803; x_wconf 91' lang='lat' dir='ltr'><strong>atque</strong></span> <span class='ocrx_word' id='word_1_354' title='bbox 837 3737 861 3790; x_wconf 89' lang='lat' dir='ltr'><strong>si</strong></span> <span class='ocrx_word' id='word_1_355' title='bbox 882 3737 995 3790; x_wconf 89' lang='lat' dir='ltr'><strong>occidat</strong></span> <span class='ocrx_word' id='word_1_356' title='bbox 1014 3737 1145 3800; x_wconf 89' lang='lat' dir='ltr'><strong>(eundem</strong></span> 
     </span>
     <span class='ocr_line' id='line_1_40' title="bbox 156 3821 1145 3889; baseline 0 -15"><span class='ocrx_word' id='word_1_357' title='bbox 156 3821 281 3881; x_wconf 81' lang='lat' dir='ltr'><strong>invitum,</strong></span> <span class='ocrx_word' id='word_1_358' title='bbox 297 3835 331 3873; x_wconf 86' lang='lat' dir='ltr'><strong>ex</strong></span> <span class='ocrx_word' id='word_1_359' title='bbox 341 3821 419 3873; x_wconf 90' lang='lat' dir='ltr'><strong>inviti</strong></span> <span class='ocrx_word' id='word_1_360' title='bbox 431 3821 503 3874; x_wconf 90' lang='lat' dir='ltr'><strong>enim</strong></span> <span class='ocrx_word' id='word_1_361' title='bbox 518 3821 596 3874; x_wconf 91' lang='lat' dir='ltr'><strong>illius</strong></span> <span class='ocrx_word' id='word_1_362' title='bbox 606 3821 726 3874; x_wconf 89' lang='lat' dir='ltr'><strong>hominis</strong></span> <span class='ocrx_word' id='word_1_363' title='bbox 741 3821 851 3889; x_wconf 89' lang='lat' dir='ltr'><strong>judicio</strong></span> <span class='ocrx_word' id='word_1_364' title='bbox 872 3822 1015 3875; x_wconf 89' lang='lat' dir='ltr'><strong>sententia</strong></span> <span class='ocrx_word' id='word_1_365' title='bbox 1031 3821 1145 3888; x_wconf 89' lang='lat' dir='ltr'><strong>dicitur)</strong></span> 
     </span>
     <span class='ocr_line' id='line_1_41' title="bbox 157 3904 1143 3972; baseline -0.001 -14"><span class='ocrx_word' id='word_1_366' title='bbox 157 3922 213 3960; x_wconf 89' lang='lat' dir='ltr'><strong>non</strong></span> <span class='ocrx_word' id='word_1_367' title='bbox 234 3927 267 3952; x_wconf 94' lang='lat'><strong><em>=</em></strong></span> <span class='ocrx_word' id='word_1_368' title='bbox 285 3905 360 3959; x_wconf 90' lang='lat' dir='ltr'><strong>idem</strong></span> <span class='ocrx_word' id='word_1_369' title='bbox 370 3906 441 3959; x_wconf 84' lang='lat' dir='ltr'><strong>tacit</strong></span> <span class='ocrx_word' id='word_1_370' title='bbox 451 3912 536 3970; x_wconf 90' lang='lat' dir='ltr'><strong>atque</strong></span> <span class='ocrx_word' id='word_1_371' title='bbox 556 3904 589 3971; x_wconf 84' lang='lat' dir='ltr'><strong>is,</strong></span> <span class='ocrx_word' id='word_1_372' title='bbox 610 3906 782 3972; x_wconf 81' lang='lat' dir='ltr'><strong>quioccioit,</strong></span> <span class='ocrx_word' id='word_1_373' title='bbox 802 3922 864 3972; x_wconf 82' lang='lat' dir='ltr'><strong>quae</strong></span> <span class='ocrx_word' id='word_1_374' title='bbox 875 3905 962 3959; x_wconf 88' lang='lat' dir='ltr'><strong>verba</strong></span> <span class='ocrx_word' id='word_1_375' title='bbox 972 3906 1077 3959; x_wconf 89' lang='lat' dir='ltr'><strong>exitum</strong></span> <span class='ocrx_word' id='word_1_376' title='bbox 1087 3921 1143 3958; x_wconf 88' lang='lat' dir='ltr'><strong>nou</strong></span> 
     </span>
     <span class='ocr_line' id='line_1_42' title="bbox 152 3989 1144 4058; baseline -0.001 -15"><span class='ocrx_word' id='word_1_377' title='bbox 152 3989 270 4044; x_wconf 89' lang='lat' dir='ltr'><strong>habent.</strong></span> <span class='ocrx_word' id='word_1_378' title='bbox 282 3989 660 4058; x_wconf 74' lang='lat' dir='ltr'><strong>Adjectivumrimiltsnullam</strong></span> <span class='ocrx_word' id='word_1_379' title='bbox 668 3989 1144 4057; x_wconf 86' lang='lat' dir='ltr'><strong>comparationeniutersubjectum</strong></span> 
     </span>
     <span class='ocr_line' id='line_1_43' title="bbox 153 4074 1145 4142; baseline -0.008 -13"><span class='ocrx_word' id='word_1_380' title='bbox 153 4075 276 4129; x_wconf 87' lang='lat' dir='ltr'><strong>actionis</strong></span> <span class='ocrx_word' id='word_1_381' title='bbox 285 4076 459 4128; x_wconf 86' lang='lat' dir='ltr'><strong>ethomiuem</strong></span> <span class='ocrx_word' id='word_1_382' title='bbox 470 4076 652 4130; x_wconf 88' lang='lat' dir='ltr'><strong>eandemrem</strong></span> <span class='ocrx_word' id='word_1_383' title='bbox 662 4083 790 4141; x_wconf 84' lang='lat' dir='ltr'><strong>agentem</strong></span> <span class='ocrx_word' id='word_1_384' title='bbox 802 4074 1061 4142; x_wconf 88' lang='lat' dir='ltr'><strong>instituit,sedduae</strong></span> <span class='ocrx_word' id='word_1_385' title='bbox 1069 4074 1145 4129; x_wconf 89' lang='lat' dir='ltr'><strong>eius.</strong></span> 
     </span>
    </p>
   </div>
   <div class='ocr_carea' id='block_1_5' title="bbox 0 0 1288 4404">
    <p class='ocr_par' dir='ltr' id='par_1_8' title="bbox 0 0 1288 4404">
     <span class='ocr_line' id='line_1_44' title="bbox 0 0 1288 4404; baseline 0 4"><span class='ocrx_word' id='word_1_386' title='bbox 0 0 1288 4404; x_wconf 95' lang='lat' dir='ltr'><strong> </strong></span> 
     </span>
    </p>
   </div>
  </div>
 </body>
</html>
