2566 4404
181 217 222 279 28
461 211 504 262 De
524 210 658 264 liberiore
677 210 826 264 verborum
846 211 950 277 positu.

182 433 303 490 casum,
326 413 379 477 alii
401 433 454 495 pro
478 413 616 476 diceutes
639 412 780 494 luqeutr‘s
805 414 925 488 habent,
940 412 1108 477 lectionem
1133 433 1235 477 casum

184 522 327 602 luqeutr's
350 521 434 584 elicit
456 526 488 583 et
509 520 659 602 duplicem
682 520 742 583 loci
758 519 917 583 ennarrandi
929 519 1079 584 rationem
1092 521 1235 602 proponit,
1273 552 1277 557 ·

183 631 225 693 ita
239 632 275 692 ut
286 632 340 692 aut
352 629 412 690 tria
429 628 546 710 objecta
565 617 754 690 efficiantur:
779 624 898 702 casum,
919 625 1116 709 squalorem,
1128 627 1236 709 pupil-

183 735 325 815 lumaut‚
350 736 429 815 quod
451 735 518 815 ipse
541 734 747 815 amplectitur,
770 735 842 798 duo:
862 753 972 797 casum
983 734 1236 817 squaloremque,

178 841 360 923 pupillum.
395 842 513 904 Neutra
528 842 722 904 autumnalia
737 840 858 904 defendi
880 843 990 922 potest,
1012 860 1086 904 nam
1111 841 1164 905 ubi
1186 842 1239 905 triu

182 951 319 1013 membra
337 949 518 1030 junguntur,
553 948 706 1025 ultimum,
742 948 892 1028 prioribus
922 948 1093 1029 copulative
1113 949 1236 1039 Junetis,

183 1076 238 1138 per
260 1057 431 1137 asyndeton
452 1074 512 1117 non
540 1055 669 1136 ponitur,
703 1073 799 1135 neque
830 1074 938 1119 casum
970 1053 1116 1135 luqeutu's
1146 1056 1238 1119 amici

183 1162 427 1245 squaloremque
446 1163 495 1224 rer'
512 1180 564 1242 pro
583 1179 694 1222 casum
711 1160 955 1243 squaloremque
977 1161 1122 1241 luqeutr's
1147 1163 1239 1226 amia'

183 1271 232 1333 rel
245 1269 360 1332 dietum
375 1289 440 1332 esse
457 1273 565 1349 protest.
596 1265 627 1331 Si
640 1287 719 1340 eum,
744 1286 831 1349 quern
848 1270 1052 1352 exposuimus,
1074 1271 1237 1334 substauti-

81 1375 85 1381 '
184 1394 291 1440 vorum
314 1379 346 1438 et
368 1375 584 1457 adjectivorum
608 1376 741 1456 positum
765 1378 948 1455 spectamus,
980 1378 1043 1439 slve
1065 1378 1116 1440 rel
1140 1379 1238 1460 adjec-

184 1483 284 1546 tivum
298 1485 354 1561 est,
380 1482 442 1545 sive
466 1482 651 1546 substantivi
673 1483 738 1545 loco
762 1482 895 1561 positrun
919 1501 985 1545 esse
1007 1486 1137 1563 putatur·
1161 1485 1240 1565 (quia

186 1594 269 1664 sum,
293 1590 345 1669 qui
367 1608 431 1651 rem
456 1590 583 1668 utroque
607 1589 738 1659 trabant,
750 1590 860 1650 neutra
881 1590 959 1652 ratio
980 1592 1241 1670 praetermittenda

185 1699 255 1773 est),
295 1697 384 1759 modo
413 1695 464 1757 bic
492 1695 653 1758 verborum
682 1696 768 1759 ordo:
804 1688 938 1758 euersam
971 1695 1111 1760 arcenus
1146 1699 1241 1761 aulici

184 1801 369 1886 squalorem
393 1805 422 1863 et
444 1802 493 1864 rel
516 1820 585 1864 cum
608 1802 767 1866 luvenalis
791 1802 933 1883 loquendi
952 1822 1010 1866 usu
1027 1806 1171 1886 congruit
1189 1805 1239 1869 cfr.

186 1913 282 1974 cocta
303 1909 451 1990 sllu'qu'm's
474 1907 556 1990 offas
580 1912 609 1971 el
630 1908 790 1986 modulam·
811 1910 882 1971 uiui
891 1911 1011 1988 patria
1029 1913 1240 1993 alquemr'm'-¹

96 2054 100 2060 ·
185 2018 257 2094 stri,
289 2021 320 2080 et
347 2016 452 2091 forma,
481 2035 549 2096 quau
578 2021 640 2078 cst:
675 2035 809 2078 causam
832 2015 969 2079 ducentis
991 2019 1091 2080 amler'
1112 2018 1241 2101 squalo-

104 2175 105 2178 ,
185 2144 313 2206 remque
335 2125 384 2187 rel
406 2125 495 2186 modo
518 2123 561 2186 sic
584 2122 705 2185 defendi
734 2125 845 2203 potest,
879 2123 905 2186 si
938 2141 992 2204 pro
1016 2133 1072 2187 ea:
1108 2144 1241 2189 causam

188 2231 327 2295 diceutes
350 2232 448 2294 amiel
471 2235 500 2293 et
522 2229 706 2312 squalorem
728 2231 777 2292 rel
799 2228 859 2292 diei
886 2249 973 2310 posse
995 2231 1149 2311 probatur.
1186 2235 1242 2296 Pro

137 2404 141 2411 ,
188 2338 326 2402 dieculas
359 2339 457 2401 amici
489 2336 673 2419 squalorem
706 2341 735 2400 et
764 2337 813 2400 rei
836 2354 932 2417 neque
954 2338 1113 2402 luvenalis
1136 2358 1240 2421 neque,

189 2449 337 2528 qnantum
361 2446 433 2524 scio,
457 2445 618 2525 quisquam
634 2447 722 2523 poeta
740 2442 877 2507 dicentis
889 2445 986 2506 amiel
997 2445 1242 2530 squaloremque

188 2555 237 2617 rel
271 2553 356 2616 dixit.
402 2550 572 2614 Secundum
598 2569 641 2620 ea,
676 2569 743 2631 quae
767 2551 804 2613 de
827 2551 908 2615 vocis
931 2551 1091 2633 utriusque
1114 2553 1241 2617 membri

189 2640 361 2725 eommunis
394 2660 464 2739 post
485 2657 664 2738 particulam
687 2657 888 2738 copulativam
912 2658 1013 2739 positu
1037 2661 1240 2740 exposuimus,

191 2765 370 2832 iuvenalem
397 2763 486 2828 verba
509 2765 553 2828 sic
576 2764 776 2840 distribuisse,
798 2764 915 2846 probari
938 2766 1057 2845 nequil;
1092 2785 1243 2848 nusquam

191 2874 273 2937 enim
296 2872 340 2935 sic
362 2872 446 2935 dixit.
492 2870 617 2935 Codices
641 2871 801 2934 dissentire
826 2871 965 2946 vidimus,
1003 2891 1108 2935 eorum
1137 2879 1242 2938 autem

189 2980 339 3062 scriptura
370 2998 432 3042 rem
464 2996 525 3041 nou
555 2978 683 3058 expedit,
717 2978 911 3058 quamobrem
941 2978 1026 3041 locus
1059 2979 1243 3061 conjeetmae

191 3106 246 3169 ope
270 3087 421 3151 sanandus
445 3104 512 3147 esse
535 3085 661 3155 videtur,
697 3086 728 3147 et
757 3102 848 3165 parva
879 3085 1048 3148 mutatione
1074 3104 1125 3149 res
1161 3088 1244 3151 salva

190 3194 257 3258 fieri
279 3195 395 3276 potest:
425 3211 560 3255 causam
581 3191 719 3254 dicentis
741 3192 840 3254 amla'
863 3190 1054 3274 Squalarem
1076 3196 1176 3276 atque
1197 3193 1245 3258 rei

138 3357 141 3363 .
191 3301 244 3366 cfr.
269 3305 364 3364 cocta
385 3298 532 3381 sllc‘qu'm's
554 3298 637 3381 offas
655 3297 854 3376 etmaallda;
877 3297 1006 3380 offensae
1026 3300 1145 3362 ueteris
1168 3319 1244 3366 reus

193 3413 290 3490 atque
313 3407 456 3470 tacenda
479 3408 636 3485 (lV,lOv'r);
659 3406 729 3468 alul
744 3406 865 3485 patria
887 3410 982 3488 alque
1003 3407 1159 3470 mlur'stre'.
1196 3407 1243 3472 Sic

191 3517 360 3597 asyndeton
383 3533 503 3595 quoque
526 3514 652 3577 alterius
674 3513 804 3576 membri
827 3531 895 3575 aum
918 3512 1079 3577 luvenalis
1101 3512 1245 3595 loquendi

190 3643 246 3687 usu
271 3622 420 3703 congruit.

278 3731 313 3792 [n
336 3729 430 3791 satira
452 3730 566 3800 octava,
600 3728 650 3790 ubi
680 3730 770 3807 poeta
791 3744 971 3808 generosum
994 3725 1150 3791 hominem
1175 3748 1244 3793 eum

191 3853 337 3920 generoso
360 3851 438 3917 equo
460 3851 638 3916 comparans
662 3834 716 3895 hos
739 3852 843 3896 versus
866 3833 988 3913 scripsit
1011 3833 1042 3913 (a
1053 3853 1080 3896 v.
1094 3836 1164 3917 trel:

320 3942 386 4006 Sea
405 3941 519 4005 uenale
535 3959 637 4021 pecus
664 3938 850 4021 Gorppbaa
865 3942 1047 4019 posterulas
1070 3944 1100 4004 et

239 4070 241 4075 ·
318 4049 468 4131 Hirpr'm',
492 4049 523 4111 si
545 4068 627 4110 rara
642 4049 726 4129 juqo
748 4048 887 4110 uictoria
909 4047 1000 4111 sedit.
