2566 4404
292 238 332 290 De
350 236 498 304 infinitivo,
518 237 695 304 imperativo,
714 236 878 302 participio.
936 226 939 231 ’
1051 241 1105 304 181
1154 252 1157 257 ·

11 490 14 495 -
46 464 135 516 ,cera
168 463 208 506 uo
246 440 424 524 mouiJ‘eslo
447 443 621 510 concrctam,
644 440 810 504 luvenalis
845 458 927 502 more
954 440 1073 521 Virgilii
1088 443 1110 519 1)

56 558 127 634 post
140 549 451 614 orationemhabitam
474 548 667 629 participium
690 548 727 610 ad
740 565 900 628 personam
917 547 1019 621 refert,
1033 568 1103 629 quae

55 658 160 722 locuta
179 659 236 736 est,
260 660 291 718 et
312 655 345 717 in
367 657 425 718 sat.
439 655 495 717 XV
507 674 534 718 v.
548 658 606 720 48:
630 653 758 718 Facilis
780 655 919 716 victorio
943 653 980 717 de
1004 654 1108 717 ruadi-

57 764 111 828 da's
133 767 163 827 ct
184 760 307 826 Blaesis
329 765 427 843 alque
448 780 535 825 mero
558 762 785 836 titubantium,
807 761 1004 842 participium
1026 781 1108 842 prae-

56 870 236 936 cedentibus
259 869 416 952 adjectivis
441 873 645 944 sustentatum
670 870 787 932 duobus
809 868 916 932 deiude
939 869 1029 945 lucia,
1053 870 1108 950 qui
1166 868 1181 915 Ἀ

56 981 145 1042 sunt:
168 978 213 1053 X,
243 980 303 1042 243
327 976 408 1049 Haec
430 975 510 1038 duta
533 996 644 1056 poeuu
667 976 724 1038 diu
745 977 935 1045 viventibus,
958 979 995 1037 ut
1018 996 1107 1039 reuo-

58 1173 157 1180 -—.-
161 1173 390 1179 ——..—--—.
394 1173 443 1178 —-
447 1171 521 1177 ›---·—
527 1170 619 1177 --—-0-
623 1172 681 1177 ---
686 1170 833 1177 -d—
837 1172 860 1176 .-.
868 1173 875 1176 .
879 1172 1019 1177 ——-.-.-.
1023 1173 1043 1177 .-
1050 1172 1104 1178 ..—

11 1294 16 1301 '
85 1295 105 1357 ¹)
123 1291 278 1358 Virgilius,
309 1306 475 1356 quamquam
495 1292 579 1345 activi
599 1292 782 1359 participium
800 1293 952 1359 praesentis
972 1293 1109 1358 temporis

126 1376 197 1428 nulli
217 1375 396 1428 substantivo
415 1391 506 1441 neque
527 1377 685 1442 pronomini
706 1376 855 1429 adhaerens
875 1376 962 1428 multo
983 1376 1110 1429 crebrius

127 1460 237 1527 ponit,
252 1460 282 1510 in
301 1459 450 1526 participii
468 1459 551 1512 huius
571 1475 624 1512 usu
644 1466 672 1512 et
692 1460 726 1513 ab
747 1461 865 1513 Horatio
886 1467 916 1512 et
934 1475 950 1511 a
969 1460 1106 1513 iuvenale

128 1543 260 1596 declinat.
296 1543 350 1595 Hic
369 1543 443 1596 enim
468 1551 555 1610 poeta
583 1552 632 1596 aut
659 1552 726 1612 post
751 1545 905 1598 orationem
931 1544 1050 1596 alicuius
1070 1545 1112 1596 ita

128 1626 158 1679 id
177 1627 270 1694 ponit,
288 1635 318 1679 ut
338 1627 372 1678 ad
393 1643 455 1701 eum
476 1629 630 1693 referatur,
651 1629 699 1694 qui
718 1629 832 1681 locutus
852 1629 889 1681 sit
908 1631 970 1691 (cfr.
991 1631 1061 1680 Aen.
1080 1629 1107 1680 II

126 1712 184 1772 790,
202 1709 249 1776 IV,
268 1713 325 1778 127,
344 1713 403 1777 36⁸2,
422 1712 555 1775 390,V1,
576 1716 634 1779 407,
653 1714 701 1779 lv,
719 1715 770 1768 '2l9
794 1714 895 1763 Talibus
913 1722 1019 1763 orantem
1037 1712 1107 1762 dietis

127 1813 233 1859 orasque
250 1805 360 1844 tenentem
378 1797 466 1846 Audiit
483 1799 654 1864 ouruiporens),
674 1798 769 1850 autin
789 1797 971 1850 adlocutione
992 1796 1027 1848 arl
1046 1810 1110 1849 eum

126 1881 224 1945 ret'ert,
252 1895 334 1944 quem
360 1895 484 1946 persona
511 1880 630 1946 loquens
658 1882 813 1947 alloquitur
842 1880 899 1948 (IV,
930 1882 980 1934 373
999 1881 1108 1946 Ejectum

128 1964 197 2014 litore
214 1973 315 2029 epenrem
332 1966 436 2029 excepi),
465 1973 513 2018 aut
530 1966 579 2018 ubi
598 1967 701 2032 aliquis
729 1970 861 2018 continua
881 1966 1009 2017 oratione
1029 1979 1075 2016 res
1096 1979 1112 2016 a

31 2098 34 2105 ,
129 2062 159 2099 se
174 2056 260 2100 ,actas
280 2049 406 2114 exponit,
436 2048 472 2101 ad
490 2049 653 2118 loquentem
673 2052 801 2104 ret'ert—
823 2051 880 2117 (ΙΙΙ,
901 2052 958 2114 151,
980 2051 1028 2103 132
1048 2050 1110 2099 Pro-

127 2133 234 2196 sequitur
261 2149 359 2196 eurpeus
385 2151 402 2182 α
417 2135 494 2198 puppi
520 2144 599 2184 cautius
622 2145 700 2184 euntes
728 2136 802 2198 (nos)
822 2135 853 2183 ΡΙ
880 2134 973 2183 taudem
1002 2135 1110 2197 antiquis

132 2216 241 2266 Curetum
258 2216 397 2267 adlabimur
415 2219 478 2283 oris,
509 2218 584 2282 quod
603 2219 764 2285 exemplum
789 2233 823 2271 ea
843 2218 876 2269 da
898 2233 998 2270 caussa
1018 2217 1112 2282 attuli,

129 2299 196 2364 qula
213 2299 277 2352 hinc
297 2301 433 2353 transitus
459 2301 494 2354 ad
518 2301 591 2354 idem
618 2303 799 2369 participium
824 2303 852 2354 in
872 2301 996 2368 simplici
1015 2317 1109 2353 rerum

129 2383 290 2435 narratione
317 2384 477 2450 ponendum
495 2401 602 2450 pronus
630 2392 683 2439 est.
715 2385 760 2438 Sic
784 2391 870 2453 pocta
899 2387 927 2438 in
947 2387 1009 2440 libr.
1030 2385 1053 2436 V
1074 2385 1109 2452 [v.

126 2466 186 2533 777]
206 2467 330 2532 priorem
349 2483 471 2521 versum:
500 2470 659 2535 Prosequitur
681 2488 779 2535 surpeus
802 2490 819 2521 a
840 2473 919 2536 puppi
935 2481 1015 2520 centus
1034 2480 1111 2520 euntes

130 2550 171 2603 ita
188 2552 294 2618 posuit,
314 2558 346 2604 ut
363 2553 555 2619 participium,
576 2554 652 2619 quod
671 2562 715 2607 est
728 2565 806 2606 euntes
817 2556 888 2622 (eos)
909 2554 944 2606 ad
962 2554 1110 2621 Troianos,

129 2635 164 2688 de
201 2635 302 2700 quibus
330 2642 438 2699 narrat,
467 2639 608 2691 referatur
642 2641 690 2692 cfr.
726 2640 768 2701 ll,
806 2641 855 2695 570
882 2641 1000 2705 Era-anri,
1019 2641 1114 2703 feram

129 2718 235 2788 [mihi];
254 2718 300 2786 VI,
311 2722 361 2776 360
371 2722 527 2773 Prousantem
539 2723 619 2791 [melt
637 2725 688 2789 III,
709 2728 758 2780 150
776 2726 828 2776 Viri
844 2734 899 2775 aute
917 2725 995 2774 oculos
1013 2724 1112 2774 adstare

120 2805 239 2870 jaceatis,
258 2804 306 2856 ubi
326 2806 473 2870 genetivus
493 2806 528 2860 ad
546 2824 704 2874 pronomen
722 2809 928 2862 nreosomissum
945 2802 1110 2860 referendus

129 2889 186 2952 est)
205 2895 306 2940 -aut
324 2889 443 2955 denique
464 2890 492 2941 in
510 2893 651 2944 narrando
672 2899 701 2945 et
719 2894 873 2960 perspicua
900 2893 1060 2944 narratione
1079 2892 1128 2944 id·

47 2999 50 3004 -
128 2973 207 3025 nullo
227 2972 418 3026 additamento
439 2973 552 3039 adjecto
579 2976 620 3030 ita
646 2978 740 3044 ponit,
768 2984 800 3029 ut
824 2977 860 3029 ad
879 2991 939 3029 eum
960 2977 1109 3042 referatur,

128 3056 162 3109 de
183 3072 240 3122 quo
260 3072 352 3111 sermo
381 3057 419 3110 sit
437 3057 495 3124 (IV,
523 3061 572 3115 465
591 3064 650 3126 Apu
675 3064 726 3127 ipae
736 3064 860 3126 furentem
887 3062 911 3110 in
930 3062 1019 3110 somnia
1037 3063 1112 3124 serus

126 3141 239 3204 AEneua,
257 3142 304 3195 ubi
324 3142 445 3194 Didonis
465 3143 548 3196 dolor
567 3144 737 3211 depingitur,
758 3146 807 3198 cfr.
828 3145 861 3198 de
882 3145 979 3197 eadem
999 3144 1110 3196 Didone

129 3241 152 3277 v.
170 3227 221 3281 298
231 3229 339 3293 furenti,
368 3243 392 3278 v.
411 3229 693 3294 fillmorienten13393
712 3231 835 3296 dolentem,
854 3230 886 3296 V,
906 3231 965 3294 241,
984 3228 1031 3287 VI,
1053 3230 1110 3294 100,

128 3312 199 3374 495).
237 3309 420 3377 Participium
440 3312 481 3363 sic
502 3313 536 3365 ad
557 3320 662 3366 certam
681 3330 832 3382 personam
851 3316 987 3380 refertur,
1006 3330 1061 3366 nou
1080 3321 1113 3366 ut

129 3395 205 3462 apud
222 3394 398 3460 Juvenalem,
419 3395 494 3460 quod
513 3413 577 3448 mox
596 3398 762 3464 videbimus,
782 3399 908 3464 adeam,
931 3413 1013 3464 quam
1033 3399 1113 3451 addi-

128 3484 255 3532 tamenta
273 3479 300 3530 ei
319 3479 453 3547 adjuncta
473 3479 620 3547 definiunt,
639 3483 689 3535 sed
711 3482 747 3536 ad
766 3498 839 3550 eam,
859 3498 941 3549 quam
961 3482 1052 3535 oratio
1072 3483 1111 3536 in-

129 3561 214 3629 dicat,
233 3577 336 3628 neque,
357 3570 389 3615 ut
399 3564 474 3630 apud
484 3565 642 3632 Horatium,
662 3567 805 3632 generalis
825 3568 946 3635 subjecti
966 3567 1110 3620 notionem

129 3648 271 3714 continet3
299 3663 364 3700 raro
393 3654 487 3702 tamen
506 3656 593 3717 poeta
612 3651 701 3713 (utin
720 3655 790 3707 Aen.
809 3652 860 3704 lib.
881 3651 918 3704 IV
948 3669 971 3705 v.
992 3653 1025 3708 65
1048 3652 1114 3711 Quid

126 3735 324 3800 virescentem,
344 3735 402 3799 quid
418 3734 647 3802 delutrcjuauurt)
676 3735 711 3787 ad
735 3736 809 3788 hunc
827 3737 939 3789 Horatii
968 3737 1030 3789 eius
1061 3752 1111 3803 po·

128 3817 212 3869 nendi
232 3833 313 3871 osum
334 3821 456 3883 accedit,
478 3835 541 3872 raro
563 3820 656 3871 etiam.
687 3822 921 3885 quemadmodum
943 3821 1110 3889 adjectivum

129 3916 237 3967 ponens
258 3904 465 3957 substantivum
485 3919 676 3972 praegressum
687 3906 779 3960 audiri
798 3908 907 3973 patitur
925 3906 983 3972 (Vl,
1004 3907 1112 3961 caulae

129 3989 232 4052 corripit
262 3991 374 4054 olp‘ectam
404 4004 442 4041 sc.
473 3990 582 4056 offam),
620 3991 705 4043 activi
732 3990 915 4058 participium
943 3992 982 4044 sic
1017 3992 1111 4058 pouit:

128 4070 181 4139 Vl,
209 4075 256 4127 211
278 4074 362 4139 Frepit
380 4084 524 4125 cunctantem
544 4091 584 4127 sc.
605 4091 722 4127 ramum‘
