2566 4404
361 206 402 260 Dc
422 206 556 260 liberiora
574 205 722 261 verborum
739 207 844 276 positu.
1078 213 1121 280 49

109 409 213 474 >situm
246 409 398 475 invenitur
430 411 467 486 (I,
478 413 529 481 91,
562 410 598 486 V,
610 412 660 488 67,
693 411 762 487 VH,
778 416 845 490 176,
878 412 964 488 VIII,
976 415 1040 492 921
1088 413 1119 478 Ia

109 518 184 580 rtem
219 516 352 598 positus,
388 517 440 599 qui
471 517 505 581 in
537 517 619 581 brari
652 519 802 583 sententia
834 520 1011 586 secundaria
1043 522 1122 602 apud

110 617 243 688 cratium
264 642 330 689 raro
352 625 511 700 iuvenitur,
535 625 615 706 quod
637 642 798 707 pronomen
820 627 980 691 relativum
1002 628 1051 692 vel
1072 626 1120 691 in·

110 731 296 814 negativum
320 750 378 796 non
401 733 500 796 solum
520 732 612 796 verbo
633 733 832 815 postponitur,
860 733 914 797 sed
935 734 1027 798 etiam
1051 752 1121 798 sen·

111 838 205 903 utiam
230 839 378 920 claudit¹)·,
401 839 480 920 apud
497 839 677 928 Juvenalem
700 858 847 922 nusquam
869 839 1027 923 reperitur,
1049 860 1120 906 nam

112 948 260 1028 emplum,
293 948 372 1028 quod
402 947 436 1010 in
468 948 524 1011 sat
554 947 629 1010 XVI
651 967 677 1010 v.
701 951 742 1013 29
764 948 858 1013 inest:
902 947 1034 1013 Audeat
1064 946 1120 1013 ille

112 1055 197 1119 'ascio
213 1056 294 1138 ouis,
311 1074 443 1137 pupcos
453 1054 536 1118 cidit
551 1055 615 1138 oui,
632 1054 744 1132 dicere,
756 1056 793 1118 ad
805 1055 964 1120 Juvenalis
977 1056 1120 1138 loquendi

113 1154 169 1226 um
192 1162 436 1226 constituendum
462 1163 540 1227 nihil
573 1163 726 1247 confond).
771 1163 808 1226 ln
839 1163 996 1245 particulis
1029 1143 1119 1247 utque

114 1268 347 1352 injunctionibus,
380 1288 448 1351 quae
476 1270 506 1332 in
535 1289 623 1353 prosa
645 1270 779 1334 oratione
801 1270 931 1352 primam
952 1270 1120 1345 sententiae,

115 1395 171 1440 ‚am
192 1376 347 1455 inducunt,
370 1377 472 1441 sedem
494 1379 596 1442 tenero
619 1378 727 1455 solent,
760 1377 797 1442 ab
818 1377 907 1442 initio
928 1378 1118 1443 retrahendis

130 1483 186 1548 uni
206 1484 254 1548 rel
275 1484 411 1565 pluribus
433 1485 556 1573 vecibus
585 1485 796 1568 postponendis
818 1485 986 1564 Juvenalis,
1010 1504 1118 1568 quam·

117 1610 172 1656 am
204 1591 335 1673 priorum
359 1596 516 1675 poetarum
537 1593 679 1658 libertate
699 1593 853 1658 interdum
867 1581 981 1672 utitur,
1013 1595 1116 1657 tamen

117 1699 235 1782 lgarem
257 1700 405 1782 pedestris
428 1700 571 1765 orationis
593 1700 724 1782 positum
741 1700 786 1764 ita
807 1700 961 1782 amplexus
976 1718 1043 1764 osse
1059 1700 1118 1765 dici
1207 1725 1208 1729 ¹

118 1810 229 1881 testu
267 1826 368 1872 earum
392 1808 533 1872 retractio
556 1826 592 1871 ex
613 1807 748 1871 metricis
771 1806 937 1871 rationibus
956 1807 1118 1871 maximam

118 1917 195 1979 rtem
224 1915 359 1996 profecta
380 1933 446 1978 esse
460 1915 620 1979 uideatur.
666 1913 798 1998 Objiciat
830 1913 949 1996 aliquia,
983 1915 1119 1996 exempla

119 2025 203 2096 sture,
214 2019 288 2104 'quae
301 2025 419 2104 poetam
433 2042 492 2087 nou
511 2024 612 2088 minus
627 2024 781 2097 violenter,
800 2040 891 2103 quam
908 2020 985 2103 apud
1003 2021 1116 2103 priores

119 2131 144 2194 ri
167 2130 289 2194 solitum
312 2130 360 2211 sit,
375 2169 377 2172 -
391 2131 446 2195 has
475 2149 563 2194 noces
593 2132 746 2195 retrahere
773 2130 908 2204 doceant,
941 2148 1039 2211 nequo
1060 2131 1119 2194 hoc

119 2238 182 2322 gari
202 2242 311 2320 potest,
334 2258 403 2301 naun
428 2257 477 2302 aas
500 2256 568 2301 non·
581 2239 681 2303 solum
702 2226 839 2320 pluribus
856 2238 1016 2302 sententiae
1032 2257 1120 2303 voca·

120 2341 158 2411 lis
170 2347 224 2409 sed
234 2347 324 2410 verbo
335 2365 453 2428 quoquo
464 2328 616 2409 interdum
627 2345 781 2428 postponit
791 2346 839 2409 vel
849 2345 1017 2426 penultima
1027 2346 1119 2410 etiam

120 2455 237 2520 rtentiae
249 2455 319 2517 sede
331 2453 467 2527 collocat,
490 2472 595 2517 vemm
611 2455 699 2518 modo
715 2454 886 2535 particulae,
909 2473 976 2535 qnae
995 2456 1067 2517 sunt
1080 2457 1120 2530 si,

119 2583 185 2640 um,
209 2561 438 2644 quumqucffl),
462 2561 506 2624 sic
527 2562 620 2643 pouit,
644 2564 675 2625 et
693 2559 859 2644 particulae,
878 2560 1120 2644 quaesimplicis·

142 2892 213 2945 Hor.
235 2879 293 2944 sat.
316 2891 338 2950 I,
358 2895 383 2956 4,
403 2890 432 2945 81
460 2889 518 2939 Vixi
533 2906 583 2939 cum
601 2891 697 2953 qarhw
716 2888 773 2940 Sat.
791 2888 813 2953 1,
832 2891 858 2951 2,
878 2890 925 2944 111
945 2887 1037 2953 Nonne,
1056 2890 1119 2953 cupi-

144 2980 214 3028 m'bus
230 2986 321 3027 statuat
339 2985 426 3026 natura
443 2974 533 3024 raedam
552 2992 627 3039 quem.
815 2963 817 2967 ’

143 3063 207 3115 Hoc
235 3062 299 3114 loco
334 3067 363 3114 et
392 3059 522 3128 pluribus
554 3058 637 3112 huius
665 3057 862 3126 disputationis
889 3056 960 3110 locis
992 3055 1120 3123 exempla

142 3146 337 3200 insolentioris
365 3144 499 3211 loquendi
526 3158 593 3196 usus
630 3157 664 3195 ex
691 3143 744 3194 hac
772 3141 859 3194 satira
887 3145 998 3207 sumpta
1024 3154 1058 3192 ea
1085 3140 1119 3193 de

146 3247 250 3285 caussa
267 3226 393 3298 profero,
409 3235 441 3281 ut
460 3226 632 3295 comparatio
651 3226 723 3278 inter
742 3241 790 3280 eas
809 3225 999 3288 enormitates,
1019 3223 1119 3290 quibus

136 3317 289 3370 iuvenalis
303 3314 463 3377 indulserit,
475 3319 571 3378 eteas,
588 3311 689 3378 quibus
707 3311 792 3380 pauci
809 3311 891 3362 huius
910 3309 1004 3362 satirae
1023 3322 1120 3362 versus

145 3401 300 3464 abundent,
311 3394 428 3452 'institui
445 3398 546 3466 possit.

142 3485 191 3552 XI,
203 3486 251 3541 191
270 3485 363 3536 Praedc
378 3483 528 3534 ‘caballorum
546 3492 638 3547 proetor
659 3482 722 3531 sedet
738 3498 777 3544 ac,
797 3479 855 3530 mili
869 3496 930 3544 pace
947 3479 1067 3529 Immensae
1084 3481 1120 3529 ai-

143 3573 241 3636 mioequc
259 3571 313 3621 licet
329 3570 352 3618 11
368 3568 445 3618 dicere
460 3567 543 3632 plebis,
563 3606 605 3619 ...
623 3567 701 3633 capit3
720 3565 879 3632 lll,731pse
896 3563 985 3614 dierum
998 3564 1120 3614 Festos-um

144 3656 242 3707 herboso
267 3655 352 3705 colitur
377 3655 400 3704 si
426 3651 520 3718 quando
543 3652 635 3702 theatro
657 3651 790 3715 Maiestam
819 3647 866 3715 VI,
876 3649 925 3704 577
953 3647 996 3698 Ad
1019 3648 1120 3713 primum

144 3740 247 3806 lapidera
273 3730 371 3790 vectari
390 3754 458 3802 quum
481 3736 571 3800 placet.
605 3735 643 3790 Ut
670 3733 799 3802 exempla
826 3732 939 3800 docent,
960 3731 1120 3798 subjectum

143 3824 291 3892 particulae
310 3822 443 3891 postponi
471 3820 545 3874 solet
571 3820 615 3871 vel
634 3819 662 3870 in
680 3818 775 3884 verbo,
796 3831 813 3869 a
833 3832 886 3882 quo
905 3815 1046 3885 particula
1063 3831 1119 3867 non

147 3908 300 3974 divellitur,
320 3908 398 3973 latet,
423 3903 603 3972 quamobrem
622 3909 675 3956 sat.
696 3902 733 3954 VI
748 3919 772 3971 u.
792 3902 841 3958 198
859 3903 938 3952 Dicas
956 3901 1006 3951 toec
1026 3899 1120 3949 mollius

143 3994 228 4044 Hoemo
250 3992 398 4056 Quanrqoam
417 3993 448 4041 ct}
462 3988 625 4054 Carpophoro,
637 3988 721 4052 facies
739 3995 782 4036 tac
798 3994 917 4052 computat
936 3982 1118 4035 carcerarius

144 4077 306 4158 exemplum
324 4077 441 4144 praebet.

911 4158 930 4210 l
