2566 4404
379 200 419 252 lle
442 199 575 253 liberiore
594 199 741 253 verborum
759 200 865 267 positu.
1098 204 1140 268 45

109 405 176 486 pud
199 402 381 469 iuvenalem
403 401 544 483 frequens
568 420 633 467 esee
656 403 821 476 docuimus,
856 405 912 468 hoc
934 423 1052 488 quoque
1074 405 1140 470 loco

110 514 206 584 rotat,
229 512 308 594 quod
331 511 398 574 duae
420 509 580 576 sententiae
603 509 771 592 copulative
793 512 838 575 ita
855 512 971 593 junctae
994 517 1074 588 sunt,
1105 516 1140 578 ut

111 619 273 701 ubjectum
293 617 451 699 utriusque
480 635 637 682 commune
670 617 700 681 in
734 618 839 695 altera,
872 619 1056 701 adjectivum
1087 620 1141 684 ad·

112 746 216 790 aereus
249 726 280 790 in
313 726 409 790 altera
442 727 579 807 ponatur,
620 725 814 806 quamobrem
849 728 1002 790 structura
1035 727 1140 790 verbo·

112 854 164 898 um
194 835 259 898 haec
288 837 350 898 est:
383 852 479 916 quum
513 852 615 896 nureo
643 833 749 913 spiro,
771 833 809 897 de
832 831 991 916 faucibus
1012 853 1046 898 se
1061 853 1140 914 por·

113 943 189 1024 ipat
211 946 241 1005 et
264 941 358 1022 leupo
386 939 498 1022 potero
525 940 711 1022 jactetur).
765 941 913 1005 Orellium
946 961 1012 1006 curn
1044 941 1140 1005 Hein-

114 1049 196 1123 ichio
219 1049 395 1120 consentire,
419 1048 509 1111 verba
532 1047 597 1111 eius
619 1049 739 1112 docent:
787 1049 831 1111 »si
854 1067 902 1112 res
923 1049 989 1130 ipsa
1011 1048 1140 1113 incredi-

117 1157 170 1220 ilis
204 1157 331 1236 viderur,
365 1174 400 1219 ex
433 1156 536 1220 tunica
568 1159 670 1218 tamen
706 1155 811 1220 Saliari
844 1157 942 1220 aureis
975 1156 1142 1238 segmentis

115 1284 131 1329 c
166 1264 267 1328 fibulis
301 1268 406 1327 ornata
439 1275 470 1324 et
496 1261 701 1344 pulcherrima
728 1263 829 1339 fascia,
863 1265 973 1346 quihus
1005 1263 1141 1346 galerum

116 1371 153 1434 nb
177 1379 279 1434 mento
307 1371 439 1454 stringit
472 1388 526 1452 pro
559 1373 641 1434 certo
674 1370 855 1453 colligimus,
889 1373 1020 1437 nobilem
1042 1372 1141 1436 homi·

119 1497 168 1541 em
194 1494 246 1542 nos
270 1479 379 1542 vidisse
409 1479 624 1560 pugnantem«
682 1478 813 1560 Uterque
837 1479 1017 1562 adjectivum
1039 1499 1142 1544 aureo

119 1606 168 1650 nm
198 1586 386 1650 substantivo
421 1586 533 1649 tonica
566 1585 751 1668 conjungens
774 1588 909 1651 tunicam
932 1585 1005 1650 Salii
1029 1583 1172 1667 pictam

119 1693 195 1757 fficit
226 1694 422 1776 galerumque
455 1710 509 1774 pro
541 1693 625 1775 apice
655 1693 782 1757 solemni
810 1693 917 1758 Saliari
949 1694 1006 1758 sub
1038 1699 1142 1758 mento

120 1805 182 1883 pira
199 1802 245 1864 vel
267 1800 401 1865 funicrdo
424 1818 514 1865 aureo
537 1807 568 1864 et
590 1804 668 1865 torto
691 1801 792 1865 vincio
815 1801 947 1882 positum
970 1820 1035 1865 esse
1058 1801 1141 1876 dicit,

121 1910 152 1973 ad
177 1908 219 1973 sic
242 1907 480 1989 mirandaque
503 1927 561 1971 non
584 1907 713 1990 scripsit,
737 1909 952 1974 attribuuntur.
992 1911 1143 1973 Ponamue

121 2017 203 2090 tiam,
232 2015 414 2098 adjectivum
438 2035 541 2079 ocrea
569 2017 607 2080 ed
639 2017 774 2080 tunicam
808 2016 912 2080 referri
947 2035 1043 2099 posse,
1076 2016 1143 2098 quis

122 2123 272 2187 racchum
295 2122 410 2187 Salium
433 2126 526 2189 fuisse
549 2123 768 2190 affirmaverit?
813 2126 848 2188 ln
878 2125 979 2189 satirae
1002 2125 1142 2189 secundae

122 2281 125 2294 .
154 2234 210 2296 117
225 2229 378 2295 Gracchus
401 2232 525 2313 quidam
548 2238 810 2315 commemoratur,
834 2234 885 2316 qui
908 2233 1090 2297 cornicinem
1112 2233 1143 2296 in

122 2339 329 2402 rat-rimonium
340 2338 478 2421 legitime
495 2339 586 2413 ducit
610 2343 642 2404 et
662 2339 714 2403 ille
737 2344 865 2406 tortasse
888 2341 989 2405 Salius
1012 2343 1068 2414 est,
1090 2339 1144 2403 sed

122 2470 128 2510 ι
164 2447 267 2509 eadem
303 2447 397 2510 satira
428 2447 529 2529 paullo
556 2446 691 2522 inferius,
724 2448 775 2511 ubi
805 2448 860 2513 sub
891 2451 994 2513 eodem
1024 2447 1142 2513 nomine

122 2553 210 2618 obilie
232 2555 381 2635 gladiator
405 2555 487 2633 latet,
524 2574 561 2618 ne
583 2553 779 2618 Heinrichius
802 2557 923 2637 quidem
946 2558 1027 2620 hunc
1050 2555 1143 2620 Grec·

122 2682 189 2725 runi
219 2663 347 2725 eundem
370 2666 460 2744 atque
482 2662 570 2726 illum
594 2682 659 2726 esse
681 2666 784 2744 putat3
818 2663 867 2726 hic
896 2683 965 2727 vero
988 2662 1143 2727 Gracchus
1244 2670 1251 2682 ’

122 2769 255 2833 micatus
278 2769 342 2832 sine
374 2770 464 2833 dubio
498 2770 578 2834 idem
607 2773 663 2842 est,
696 2770 748 2852 qui
780 2769 838 2833 hoc
866 2769 932 2833 loco
959 2789 1143 2835 commemo-

122 2881 192 2941 rtur.
235 2877 279 2939 Ex
312 2876 421 2941 tunica.
456 2876 549 2942 solius
582 2878 883 2942 commemoratione.
918 2896 1008 2959 quam
1041 2882 1145 2941 contra

123 2983 334 3048 rammatioam
356 2984 506 3048 rationem
528 3004 652 3049 auream
676 2986 802 3068 fingunt,
837 2984 969 3049 Orellius
992 2987 1024 3049 et
1047 2985 1143 3049 Hein-

123 3092 217 3157 ,chiue
239 3091 320 3156 hunc
342 3091 512 3157 Gracchum
536 3094 662 3157 eundern
686 3112 752 3157 esse
780 3099 871 3176 atque
893 3093 982 3157 illum
1005 3093 1145 3156 secundae

123 3199 203 3264 utirae
225 3198 404 3276 Gracchum,
428 3204 459 3264 et
481 3203 642 3282 utrumque
656 3200 772 3264 Salium
797 3201 890 3265 fuisse
913 3200 1069 3283 colligunt,
1093 3201 1145 3265 sed

122 3308 193 3371 ictae
227 3307 337 3372 tunicae
371 3307 401 3371 in
424 3309 518 3372 satira
540 3308 593 3372 illa
614 3308 699 3372 nulle
720 3309 835 3373 mentio
858 3309 902 3386 fit,
936 3313 968 3371 et
990 3307 1145 3373 Gracchus

122 3416 270 3478 anicetus
293 3423 425 3492 vocatur,
460 3435 517 3497 quo
539 3416 661 3480 nomine
683 3417 808 3494 retiarii,
842 3415 893 3498 qui
922 3416 1022 3479 tunica
1045 3417 1145 3488 induti

122 3524 287 3605 ugnabant‚
320 3523 418 3588 rarius
456 3529 609 3588 vocantur.
662 3523 778 3602 Quibus
813 3524 1001 3606 argumentis
1039 3524 1146 3605 probat
1225 3570 1233 3581 ,

122 3633 253 3694 raeterea
275 3630 414 3712 egregius
436 3631 584 3714 interpres
605 3633 735 3713 primum
760 3629 874 3695 Salium
897 3631 928 3694 in
950 3639 1073 3696 arenam
1093 3632 1147 3696 de·

122 3807 370 3814 ——.-.-—-—..

123 3926 147 3990 ¹)
170 3925 264 3978 Etiam
285 3924 359 3992 apud
377 3925 503 3978 Persium
522 3927 549 3978 in
569 3934 621 3980 sat.
633 3927 671 3979 IV
680 3944 704 3981 v.
718 3929 748 3983 11
770 3927 870 3978 Rectum
888 3928 1011 3994 discernis,
1029 3930 1071 3979 udi
1086 3929 1147 3978 inter

171 4010 251 4061 Curvo
277 4011 338 4060 subit
363 4009 401 4060 vel
427 4027 496 4075 quarn
515 4012 590 4075 follit
616 4013 676 4077 pede
693 4012 776 4078 rapula
802 4030 861 4062 voro
884 4012 1003 4080 simplex
1022 4011 1146 4077 subjecti

169 4094 299 4161 trajectio
319 4109 429 4148 errores
449 4095 540 4148 movit.
