2566 4404
405 208 449 261 De
467 208 615 276 particulis
633 206 812 276 copulatiris.
1091 210 1132 274 85

126 412 293 494 tjeoturum
317 412 421 487 luisse,
453 411 479 475 ei
508 411 574 475 eius
595 411 740 493 loquendi
762 430 851 474 usum
875 413 1024 486 tenemus,
1046 410 1132 475 nullo

126 521 174 583 ulo
198 521 294 584 statui
316 522 426 601 potest.
482 519 570 583 Alter
602 518 686 582 locus
719 520 767 582 eet
799 518 832 580 in
860 517 960 581 satirae
983 517 1082 581 tertiae
1105 538 1133 584 v.

126 630 162 692 9:
189 627 263 707 Qua
277 625 418 709 fornace
438 644 565 707 quecea,
588 644 654 706 quo
676 644 743 689 noar
764 623 882 688 incude
904 623 1050 687 coicum?
1082 624 1135 687 ubi

126 734 206 816 gotio
228 733 267 797 ab
290 735 386 798 altero
407 733 544 797 membro
566 734 603 796 ad
627 734 711 814 prius
741 733 910 796 revocanda
936 734 992 795 est.
1047 732 1134 795 Inso-

125 840 257 906 ctissime
290 843 338 905 est
371 841 438 905 haec
470 839 612 921 loquendi
644 839 751 913 forma,
786 857 918 921 quacum
939 838 1135 903 Heinrichiue

125 949 173 1011 ulo
205 947 295 1010 illum
330 946 543 1011 nonnullorum
577 948 738 1029 poetamm
771 928 862 1009 usum
895 945 1025 1009 conferri
1046 964 1135 1026 posse

125 1055 169 1136 rit,
192 1054 274 1135 quod
301 1054 529 1137 praepositiones
561 1053 593 1120 in
626 1054 721 1116 altero
748 1053 885 1116 membro
907 1053 1060 1115 interdum
1081 1070 1135 1133 po·

123 1164 203 1237 ntur,
228 1162 281 1242 qui
305 1181 380 1225 usus
402 1179 499 1242 neque
523 1160 601 1241 apud
622 1158 806 1224 Juvenalam
831 1178 960 1241 usquam
983 1158 1136 1223 invenitur
1198 1176 1201 1182 ·

125 1287 181 1349 que
215 1287 280 1331 rem
312 1267 448 1350 attingit
482 1269 544 1347 sed,
588 1284 683 1349 quum
715 1265 900 1345 adjectivum
930 1269 1073 1350 (yrovcc)
1102 1266 1135 1330 in

124 1392 181 1439 tero
202 1375 349 1455 membro,
372 1373 599 1438 substantivum
628 1375 773 1450 (catena)
806 1374 840 1436 in
871 1373 978 1436 altero.
1000 1373 1135 1454 positum

124 1524 134 1554 κ,
158 1501 225 1562 quae
248 1465 424 1570 distributio
446 1482 525 1562 apud
547 1483 652 1561 poetae
675 1479 923 1561 frequentissima
934 1483 989 1554 est,
1013 1479 1136 1560 negatio

124 1587 175 1650 rbo
197 1589 342 1670 adjuncta
364 1590 420 1663 est,
452 1588 529 1651 illud
553 1566 669 1651 autem
687 1586 843 1651 omissum.
887 1586 1003 1650 Eadem
1036 1586 1146 1668 igitur·

124 1695 229 1774 luendi
252 1695 348 1759 forma
371 1697 472 1758 exstat
493 1697 586 1776 atque
608 1694 657 1757 his
679 1693 803 1776 Virgilii
825 1693 916 1757 loeis:
938 1694 1016 1757 Aen.
1039 1693 1080 1767 II,
1094 1696 1136 1758 55

123 1804 131 1860 t
152 1802 184 1863 aa
197 1799 277 1883 fato
300 1801 403 1880 deum,
426 1803 457 1864 ci
478 1820 569 1864 meaa
584 1820 649 1865 uon
663 1800 745 1865 laeua
762 1800 901 1884 fuisset;
923 1801 976 1876 VI,
989 1804 1030 1865 92
1046 1799 1136 1880 Quas
1263 1813 1266 1817 ·

122 1907 328 1972 atcsItulum
351 1912 411 1972 eut
432 1927 518 1989 quus
541 1929 607 1973 noa
621 1909 769 1973 oraveris
786 1909 893 1983 arbor,
916 1909 946 1971 iu
971 1908 1082 1988 quibus
1105 1911 1137 1970 et

123 2015 212 2078 rbum
236 2018 267 2079 et
288 2015 410 2097 negatio
433 2016 470 2079 ad
492 2016 577 2096 prius
599 2016 771 2080 membrum
794 2015 944 2079 audienda
973 2018 1020 2080 est
1053 2017 1134 2096 (cum

123 2122 303 2202 sexemplie
333 2123 436 2186 s‘atirae
457 2121 515 2185 XV
537 2143 565 2186 v.
590 2126 731 2188 lli-172
754 2122 884 2187 conferri
917 2140 976 2185 non
1010 2121 1135 2185 debent:

123 2227 175 2293 aid
194 2228 312 2293 diecret
334 2248 417 2311 eruo,
458 2227 515 2293 Vel
537 2249 599 2310 quo
631 2250 697 2294 ooo
721 2229 865 2313 fuceret,
900 2230 931 2291 ai
960 2246 1048 2292 nuuc
1070 2227 1136 2290 liceo

123 2339 232 2399 rastro
253 2336 379 2400 uideret
400 2336 633 2418 Pytlauyoroa).
677 2336 873 2400 Heinriohiue
895 2336 997 2400 locum
1018 2335 1136 2399 Plinia-

122 2463 159 2506 un
182 2462 216 2507 ex
237 2443 418 2525 panegyrico
442 2449 480 2519 (e.
503 2444 646 2521 XXXVI)
668 2444 797 2524 profert:
823 2442 940 2522 »Quam
959 2443 1047 2524 juvat
1069 2461 1136 2505 cer-

123 2568 156 2612 re
187 2552 326 2613 aerarium
362 2551 456 2614 silens
490 2555 521 2614 et
554 2551 692 2633 quietum
720 2555 752 2614 et
781 2550 869 2631 quale
892 2551 964 2612 ante
986 2549 1135 2612 delatores
1179 2573 1184 2582 ·

121 2660 168 2720 at!
213 2658 304 2721 Nunc
325 2658 475 2739 templum
497 2658 585 2734 illud,
618 2677 698 2721 nunc
720 2676 790 2721 vere
813 2657 906 2730 aedea‘
936 2676 1003 2720 noa
1026 2655 1137 2737 spolia·

121 2782 167 2826 um
189 2764 313 2837 civium,
337 2770 589 2845 cruentorumque
601 2766 773 2845 praedarum
785 2783 900 2828 saevum
911 2762 1136 2845 receptaculum
1191 2795 1194 2799 ,

120 2870 247 2933 :totuin
272 2872 342 2935 orbe
365 2875 512 2935 terrumm
536 2872 635 2935 adhuc
656 2872 741 2936 locus
763 2890 851 2946 unus,
874 2871 906 2934 iu
928 2888 996 2952 qua
1020 2870 1136 2951 optimo

120 2976 234 3058 incipe,
259 2977 328 3042 boni
351 2978 440 3042 malis
462 2978 594 3060 impares
617 2984 750 3057 essent«,
780 2996 838 3060 quo
860 2977 926 3042 loco
948 2978 985 3040 ad
1008 2995 1048 3039 ac
1070 2978 1134 3038 toto

119 3084 268 3148 ‚rtieulam
292 3104 359 3148 uon
380 3086 563 3149 audiendam
585 3102 652 3149 esse
679 3082 763 3162 uicit,
798 3086 852 3148 sed
884 3105 937 3149 eur·
969 3083 1007 3147 ad
1040 3082 1136 3164 parti·

118 3190 185 3254 lam
206 3209 406 3274 praegreesem
419 3195 523 3279 qucet
545 3191 760 3256 cohaerentiam
783 3192 931 3281 sermonis
953 3210 1013 3255 non
1035 3193 1135 3256 atten-

117 3298 154 3359 ti
198 3298 242 3360 Ex
264 3298 406 3362 Martiale
436 3298 539 3362 locum
572 3318 588 3363 c
622 3299 674 3362 lib.
705 3300 798 3381 epigr.
821 3299 868 3362 XI
890 3298 1041 3377 (LXXXI)
1064 3316 1134 3362 eum

117 3403 246 3468 otulisse
268 3406 410 3468 mallem:

198 3555 330 3620 Wribus
352 3557 404 3621 laic
426 3559 517 3638 operi
539 3578 605 3621 ooo
628 3561 683 3633 esi,
707 3557 759 3621 laic
780 3555 874 3620 utilia
896 3559 1005 3626 ceola

237 3663 329 3747 Eryo
352 3666 424 3729 stuc
446 3665 558 3748 effectu
574 3665 691 3746 prurit
712 3669 846 3746 uterque
868 3664 967 3730 locus.

113 3852 136 3896 ‚c
159 3833 239 3895 enim
261 3833 352 3898 locus
374 3835 440 3899 loeo
461 3835 620 3900 luvenalis
643 3835 773 3901 similior
794 3838 850 3917 est
874 3838 932 3900 hoc
954 3853 1032 3911 vero,
1055 3836 1136 3918 quod

111 3939 304 4021 egligenclum
327 3960 388 4005 non
411 3945 469 4020 est,
497 3943 534 4006 ab
558 3961 593 4006 eo
615 3939 761 4016 diversus,
795 3945 874 4026 quod
902 3947 934 4006 et
955 3943 1081 4007 verbum
1105 3945 1137 4006 et

110 4046 207 4128 rgatio
229 4050 318 4112 utin
347 4051 483 4134 exemplo
506 4050 666 4115 luvenalis
699 4049 739 4114 Si
764 4050 898 4131 juocuc'a
930 4048 1034 4115 vetulo
1068 4069 1135 4113 aaa
