2566 4404
434 247 474 299 De
494 247 655 301 notionibus
674 246 890 300 transferendis.
1118 248 1181 311 219

113 453 226 535 jectivi
250 454 391 532 vocatur,
422 453 488 514 orta
511 468 577 514 esse
599 451 732 527 videtur,
761 454 792 514 et
814 451 895 515 inter
915 450 1000 514 veria
1021 449 1180 517 notionum

119 560 398 624 transferenderum
431 575 551 645 ‘genera
579 557 751 639 recipienda
784 560 857 634 est),
891 557 978 621 ouius
1001 558 1108 620 formae
1131 574 1179 622 ex·

106 666 242 747 -empia,
281 684 340 746 qua
362 664 520 730 Juvenalis
553 664 651 729 rarius
679 684 770 747 quem
799 664 913 746 priores
948 667 1046 745 poetae
1073 663 1179 738 utitur,

115 773 250 856 proferre
280 773 476 854 supersedeo,
513 774 545 834 et
578 771 666 835 modo
688 791 801 845 unum,
838 771 890 853 qui
922 770 1052 834 ultimos
1085 770 1179 834 huius

118 880 263 962 loquendi
291 899 366 944 usus
408 878 484 942 fines
521 877 663 960 ettingIt,
698 879 839 942 afferam:
888 876 1069 942 Clementia
1090 876 1178 940 seui-

120 989 181 1052 aas
202 989 317 1068 paraus
337 985 486 1068 iudutpet
506 984 600 1064 1111,
615 987 697 1062 160).
769 985 908 1048 Affectus
942 983 1050 1047 deinde
1084 983 1179 1047 animi

120 1095 171 1159 vel
212 1096 340 1159 virtutes
374 1093 508 1175 vitiaque
542 1092 677 1155 humana
709 1091 758 1154 vei
792 1095 891 1156 status
923 1091 1177 1172 'condicionesque

120 1202 254 1267 hominis
285 1221 305 1264 e
338 1219 465 1283 persone
498 1203 607 1282 agento
623 1181 667 1263 'ed
695 1218 759 1262 rem
786 1198 1003 1268 inanimatum,
1035 1198 1067 1261 in
1091 1196 1177 1261 ouius

120 1328 179 1374 usu
202 1309 422 1391 quodammodo
444 1309 606 1388 apparent,
641 1307 689 1369 vei
719 1307 757 1369 ad
790 1307 943 1388 objectum
977 1304 1104 1369 aetionis
1132 1303 1178 1367 ita

122 1415 363 1490 transferuntur,
393 1417 429 1477 ut
458 1415 525 1491 eut,
548 1432 676 1495 persona
698 1413 943 1496 egente-posito,
973 1413 1100 1477 effeetus
1129 1414 1177 1476 vel

121 1523 254 1605 qualitas
286 1541 305 1586 a
331 1523 444 1586 lectore
474 1541 543 1585 oum
572 1539 702 1602 persona
723 1520 825 1602 potius
848 1539 938 1602 quom
961 1540 1032 1583 eum
1054 1539 1086 1582 re
1104 1520 1175 1601 jun-

121 1633 228 1712 get-ur,
263 1631 295 1692 et
317 1629 501 1710 adjectivum
525 1628 563 1693 ab
586 1647 621 1691 eo
643 1628 840 1704 substantivo,
864 1629 902 1690 ad
924 1628 1002 1709 quod
1034 1624 1174 1708 pertinet,

121 1736 285 1818 (imprimis
307 1754 326 1799 e
347 1735 497 1817 subjecto)
521 1735 673 1799 divulsum
698 1735 751 1799 elii
773 1734 964 1813 substantivo
984 1737 1030 1809 (et
1052 1734 1174 1815 quidem

124 1843 243 1925 objeoto
275 1842 324 1906 vel
357 1842 577 1917 instrumento,
612 1862 671 1924 quo
705 1842 784 1907 aetio
812 1841 859 1917 fit)
893 1842 1071 1924 adjunctum
1107 1859 1174 1906 esse

124 1951 281 2015 videatur:
317 1948 386 2012 Isis
407 1949 495 2012 r'rato
518 1951 617 2013 sistro
632 1949 719 2032 ferit
729 1950 829 2029 (XIII,
851 1947 1042 2028 9311111111
1064 1953 1176 2012 rastra

114 2059 221 2139 ptyra
240 2055 377 2120 dolabra
391 2056 487 2130 (VIII,
510 2059 594 2135 248),
623 2056 771 2121 Gamala
788 2055 936 2119 'uarrare
955 2055 1102 2138 paudeut
1117 2076 1174 2135 pe-

118 2164 228 2228 ricula
250 2163 372 2227 Nautee
394 2163 483 2239 (XII,
507 2163 576 2243 82),
600 2169 661 2238 eut,
686 2164 769 2228 omni
787 2164 926 2245 ‘personae
949 2165 1070 2246 agentis
1092 2183 1173 2228 oom-

117 2273 337 2335 memoratione
361 2270 489 2342 sublete,
513 2270 623 2350 duplex
635 2270 712 2335 ratio
728 2271 850 2334 orietur.
894 2272 960 2333 Aut
982 2271 1065 2333 enim
1088 2272 1172 2336 notio

116 2378 221 2460 aliqua
253 2396 271 2442 a
302 2395 429 2460 persone
462 2378 500 2440 ed
524 2396 588 2440 rem
611 2378 654 2440 ita
675 2378 879 2453 transfertur,
903 2381 951 2452 ut,
988 2397 1172 2460 quemquem

117 2485 204 2549 nulla
224 2502 352 2566 persone
370 2488 630 2557 commemoretur,
653 2503 789 2565 personae
811 2483 895 2547 notio
919 2483 1044 2548 lectoris
1067 2487 1170 2551 animo

118 2591 314 2655 obversetur:-
344 2590 504 2672 Locuples·
522 2591 677 2672 pedapra
700 2591 803 2671 (XIII,
828 2592 881 2672 96)
892 2640 904 2666 ,
934 2590 1096 2656 Esuriens
1118 2614 1171 2657 ra·
1273 2647 1278 2655 .

115 2717 190 2761 mus
214 2696 307 2761 altore
329 2700 432 2775 (XIII,
456 2701 518 2776 99),
541 2697 667 2761 Fallax
688 2719 776 2761 arua
799 2699 898 2777 (XIII,
920 2699 974 2782 4),
996 2699 1173 2781 Impratum

111 2809 271 2873 aratrum
294 2806 344 2887 (Χ,
370 2809 459 2884 210),
493 2805 605 2870 Mores
621 2807 814 2885 prceteutatr'
847 2807 905 2887 111,
944 2807 1036 2889 170),
1060 2809 1172 2872 Nudus

100 2900 241 2993 &loquar
263 2913 312 2993 (V,
338 2916 426 2990 144),
449 2918 503 2976 eut
524 2912 650 2976 humani
672 2916 784 2985 status,
808 2913 1016 2991 condiciones,
1039 2916 1171 2998 qualita-

115 3025 177 3094 tes,
211 3022 362 3097 actiones,
395 3021 522 3084 effeetus
545 3019 708 3102 (imprimis
731 3038 800 3095 vor,
830 3039 953 3096 sensus,
977 3022 1056 3095 vita,
1081 3043 1170 3101 mors,

116 3130 221 3205 vestis,
245 3130 360 3200 metuet
382 3127 472 3191 robus
493 3127 670 3192 inanimatis
691 3128 735 3192 ite
757 3127 974 3203 attribuuntur,
997 3132 1032 3191 ut
1052 3130 1170 3210 deper-

84 3311 87 3315 ,
117 3255 193 3299 sona
216 3234 301 3299 nuile
322 3235 482 3312 cogitetur.
528 3234 587 3313 Qui
618 3235 761 3316 loquendi
794 3254 868 3298 usus
893 3216 994 3316 ⁸quum
1027 3235 1170 3318 frequen·

88 3332 255 3407 'tissimus
277 3344 334 3418 sit,
368 3344 455 3405 modo
488 3360 584 3422 panea
616 3342 719 3423 paullo
747 3341 942 3405 insolentiam
964 3344 1102 3424 exempla
1123 3344 1170 3407 ef-

116 3447 228 3514 ierem:
250 3448 387 3512 Mr'raus
410 3452 560 3511 aratrum
577 3449 676 3524 (XIII,
699 3451 761 3524 65),
787 3447 904 3512 Stertle
922 3452 1074 3513 aratrum
1087 3450 1170 3530 (VII,

115 3559 185 3634 40),
224 3555 384 3636 Captator
405 3555 575 3620 macellum
598 3556 668 3636 (Vl,
691 3558 761 3633 40),
794 3555 933 3619 Iusutsa
955 3561 986 3621 et
999 3556 1103 3639 fatua
1127 3559 1170 3622 111-

112 3665 236 3744 peum'a
258 3664 324 3747 (VI,
349 3668 433 3745 608),
457 3663 604 3745 Perotpr'l
619 3665 750 3746 popina
766 3663 863 3740 (VHI,
889 3668 975 3747 158).
1021 3666 1169 3729 Nationes

116 3775 277 3853 praterea,
310 3792 385 3854 quas
409 3772 543 3853 vulgaris
571 3772 712 3852 loquendi
740 3790 814 3834 usus
837 3771 869 3834 in
891 3774 974 3836 oerto
998 3775 1080 3836 statu
1103 3792 1169 3836 oer-

116 3877 217 3959 tisque
241 3879 466 3958 condicionibus
489 3878 666 3942 definiendis
690 3896 799 3958 ponere
823 3879 917 3943 solet.
946 3879 983 3942 ad
1006 3879 1081 3942 alios
1104 3882 1168 3943 sta·

115 3987 180 4062 tus,
216 3985 422 4060 condiciones,
457 4005 524 4067 quae
560 3984 795 4049 similitudinem
821 3986 971 4066 quendem
1002 3985 1168 4061 continent,

116 4091 364 4170 transferuntur,
388 4095 423 4155 ut
445 4092 573 4173 exempli
596 4108 709 4156 caussa·
726 4092 827 4168 color,
852 4081 979 4157 ¹notione
1002 4110 1021 4155 a
1042 4091 1170 4156 materia
