2566 4404
156 188 237 305 m}
577 220 620 274 De
641 221 857 274 maturatione.
970 276 972 282 ,
1275 303 1277 306 Ι

1275 339 1277 393 Ι

197 425 250 488 sed
273 424 432 490 Iuvenalis
455 444 605 507 nusquam
628 425 700 489 alibi
722 425 759 488 ob
782 426 855 490 duas
884 426 965 491 vocis
994 430 1151 510 sequentis
1172 446 1233 492 eon·
1273 398 1277 538 l]

80 578 84 586 .
196 535 338 597 sonantes
377 533 519 596 ultimam
556 533 754 616 praecedentis
794 534 877 597 vocis
911 534 1061 616 syllabam
1096 537 1233 617 produxit
1275 551 1277 615 p

153 669 156 676 ¹
194 624 292 721 nequ'e
314 641 393 722 apud
410 640 571 723 Virgilium
598 632 707 722 (neque
721 641 894 722 Horatium)
923 642 1022 707 brevis
1044 644 1158 708 vocalis
1173 646 1234 707 ante

197 747 346 812 voeabula
379 767 396 810 a
431 749 569 812 consonis
598 767 640 830 sp,
665 750 701 822 st,
725 769 760 831 sq
793 749 968 830 incipientia
990 732 1177 831 producitur,
1208 754 1235 815 et

85 865 90 875 '
196 856 268 939 quid
291 856 349 919 hoo
371 874 460 919 versu
485 855 576 919 faciet
598 855 810 919 Heinrichius:
847 855 970 933 vualo
992 857 1160 938 lutulerii
1186 859 1234 922 ubi

197 962 302 1027 celari
317 964 455 1044 pictura
470 963 616 1044 jubetur,
650 984 720 1028 nam
749 955 807 1027 hic
826 983 944 1046 qnoque
971 965 1003 1027 in
1031 967 1095 1030 arsi
1117 967 1233 1031 alterius

194 1072 285 1156 pedis
308 1071 425 1153 syllaba
449 1071 547 1135 brevis
570 1074 715 1154 producta
737 1074 792 1134 est.
847 1073 884 1135 ln
916 1072 974 1136 hoo
1006 1075 1037 1136 et
1071 1073 1104 1137 in
1134 1075 1233 1139 ultimo

194 1199 301 1244 versus
323 1179 399 1261 pede
422 1179 468 1243 bis
490 1179 610 1243 hiatum
632 1178 817 1243 invenimus:

17 315 151 559 s

205 1334 276 1398 XII.
302 1336 343 1399 36
369 1329 524 1396 Tesiiculi
546 1330 624 1395 adeo
648 1330 839 1394 uceclieatum
861 1330 1016 1413 iutellipit
1036 1333 1158 1413 iupoeu

221 1443 339 1519 mata
370 1438 1234 1522 Vioemlumreeteeoiquumpropierplurimatumbis
1275 1398 1277 1528 l

196 1631 383 1695 quamquam
405 1611 508 1674 hiatus
531 1611 610 1692 apud
625 1610 806 1675 iuvenalem
829 1610 876 1672 his
898 1609 980 1674 locis,
996 1613 1130 1692 exeeptis
1154 1611 1234 1675 modo

193 1722 227 1786 in
253 1717 367 1786 casura
391 1719 435 1801 (in
458 1718 532 1801 arsi)
557 1718 716 1782 duodecies
739 1718 881 1780 occurrit:

251 1875 337 1951 I‚lbl
362 1871 538 1953 Iupeuuu
553 1891 622 1952 par
644 1869 812 1934 retulerim?
834 1870 919 1934 uaele
940 1869 1002 1932 c'lla
1017 1869 1174 1950 pilorum

237 1959 278 2061 n,
302 1985 342 2048 ac
366 1979 405 2044 aa
419 1979 483 2063 sur
506 1977 676 2060 cesaraeae
704 1977 806 2056 Verre,
829 1978 989 2041 ruueua
1011 1977 1138 2044 maroa

223 2091 278 2167 Ill,
303 2093 344 2156 70
366 2085 624 2153 HieAuclroille
631 2076 739 2164 Samo,
752 2085 802 2149 bie
812 2085 977 2149 Trallibus
990 2087 1236 2159 auiAlabaurlia

243 2199 343 2273 VArid
365 2196 490 2276 Iucepii
512 2196 655 2276 apscessi,
681 2198 775 2278 alque
797 2193 855 2257 illo
873 2193 961 2258 laete
974 2193 1109 2277 sonetur

222 2307 339 2383 xlurr
362 2304 405 2368 Iu
427 2304 568 2367 statinae
590 2323 653 2366 cua
676 2306 770 2386 atoue
793 2303 1052 2383 enspectauiibus
1075 2303 1171 2367 illam

235 2415 334 2484 Χ,281
361 2411 533 2475 Bellorum
549 2431 673 2492 pompa
695 2411 840 2474 auimam
863 2409 1048 2475 exhalasset
1072 2413 1213 2492 opimam
1248 2474 1251 2482 ,

203 2521 291 2598 XlI‚l
301 2524 341 2587 10
365 2519 499 2584 Partem
511 2519 656 2602 aliquam
670 2518 785 2583 bellici
800 2522 925 2583 euulem
935 2518 1110 2599 iupuoelia
1122 2521 1234 2584 turrim

193 2629 279 2702 XIII,
300 2633 342 2696 b'b
363 2627 436 2692 Hoc
465 2631 646 2691 mieceslaum
661 2647 766 2708 puero
790 2631 820 2690 el
841 2628 978 2689 mirauli
999 2627 1058 2691 sub
1083 2633 1197 2693 aratro

193 2736 277 2810 XlV,
301 2741 341 2802 to
368 2736 433 2800 aed
447 2739 623 2817 peccaturo
647 2734 750 2798 obstet
772 2735 831 2798 libi
844 2734 940 2821 filius
961 2733 1077 2817 iufaus

207 2845 337 2920 ilvam
360 2844 435 2908 Hae
457 2845 549 2907 savit
570 2843 661 2907 rabie
682 2842 807 2907 imbelle
829 2847 858 2906 ei
880 2842 997 2906 iuuiile
1018 2841 1137 2925 culpus
1267 2888 1273 2895 -

241 2953 278 3029 Χ,
303 2955 344 3018 b4
367 2951 457 3033 Erpa
480 2972 684 3032 serperoueua
707 2955 765 3014 aui
780 2952 971 3033 peruiciosa
986 2954 1152 3031 peluntur

194 3059 344 3134 VIILlOb
366 3059 447 3124 lescle
469 3059 643 3123 Dolabella
666 3064 761 3142 atque
783 3059 857 3122 laiac
879 3043 1046 3122 Auianius
1067 3045 1146 3123 lucie

196 3233 226 3292 et
251 3229 321 3292 hino
344 3248 462 3312 quoque
485 3231 701 3312 argumentum
730 3231 767 3293 ad
790 3230 976 3312 singularem
998 3231 1105 3293 horum
1129 3231 1235 3312 pedum

195 3337 256 3399 vim
281 3336 491 3400 illustrandam
517 3342 620 3418 aptum
645 3339 711 3418 capi
735 3340 844 3418 potest.
904 3339 946 3404 Ut
968 3338 1073 3400 formae
1103 3339 1234 3420 denique,

123 3510 125 3517 ⁴
195 3464 261 3526 quae
285 3450 357 3506 sunt
373 3445 472 3524 perit,
496 3445 570 3521 obit,
595 3444 687 3521 redit,
711 3446 743 3508 in
766 3464 881 3509 caesura
902 3445 1009 3527 positae
1032 3445 1234 3522 inueniuntur,

194 3552 238 3614 sic
260 3551 292 3614 in
315 3555 370 3614 sat.
383 3551 427 3614 VI
439 3572 465 3615 v.
483 3557 554 3617 128:
592 3552 712 3615 Tristis
735 3553 804 3616 abit
825 3557 864 3630 et,
888 3552 972 3635 quael
986 3553 1109 3633 potuit,
1134 3556 1236 3631 lamec

193 3658 311 3722 ultima
334 3657 447 3722 cellam
467 3656 596 3722 Clausit
617 3660 713 3723 altera
735 3661 826 3736 verbi,
851 3661 927 3743 quod
953 3664 1000 3724 est
1022 3660 1100 3728 abit,
1125 3661 1236 3742 syllaba

193 3767 225 3829 in
248 3767 308 3830 arsi
333 3767 458 3829 alterius
482 3767 566 3847 pedis
597 3767 696 3848 positu
729 3771 784 3831 est.
843 3769 875 3830 ln
911 3769 1096 3850 reliquorum
1129 3771 1235 3851 pedum

194 3874 254 3937 arsi
277 3873 435 3939 Juverralis
459 3874 580 3936 brevem
603 3874 753 3953 syllabam
776 3876 966 3939 terminalem
1000 3895 1060 3939 non
1094 3878 1237 3958 producit

194 4001 261 4063 quae
284 3979 438 4062 productio
461 3981 540 4060 apud
562 3981 675 4061 priores
697 3982 810 4062 passim
829 3984 968 4059 occurrit,
992 4002 1089 4064 nequo
1102 4003 1237 4068 usquam.

271 4088 302 4152 iu
318 4087 385 4151 arsi
407 4106 463 4150 nec
490 4087 522 4149 in
553 4106 676 4162 caesura,
707 4107 789 4153 more
819 4088 943 4171 Virgilii
973 4091 1156 4172 particulam
1184 4112 1239 4178 que
