2566 4404
427 208 470 261 De
490 208 595 275 ellipsi.
971 212 1030 276 137

132 419 290 495 tamquam
322 413 444 499 spurius
471 413 598 486 tollitur,
633 412 795 474 desiderari
829 428 887 474 nen
918 414 1035 493 petest;

114 523 175 601 post
195 520 368 600 relinques,
401 538 439 583 ne
468 521 505 582 de
535 518 677 582 insolenti
707 519 810 582 tutum
832 522 968 599 tempere
991 519 1035 583 eie

115 629 213 708 licam,
235 626 573 712 punetoineidipetest.
618 624 814 688 Heinriehius
837 626 1034 711 participium

115 755 175 800 ens
206 754 321 816 ponens
349 736 477 798 formam
501 752 520 796 a
541 732 700 797 Juvenalie
722 733 867 814 loquendi
889 752 945 796 usu
975 751 1035 796 nen

115 841 524 923 ‚eeedicepraestantissime
546 841 577 902 in
601 844 686 903 textu
707 839 805 924 penit,
829 841 860 901 et
872 839 1035 904 Iuvenalis

115 949 275 1030 trtieipimn
305 947 487 1032 imperativo
515 947 626 1027 saepius
658 947 799 1029 adjungit
836 945 939 1017 (tollas
961 946 1035 1010 lieet

115 1057 189 1131 used
198 1057 303 1131 terma,
316 1056 386 1137 quia
398 1055 642 1136 sententiaque
651 1057 712 1118 eet:
728 1057 861 1116 sentum
872 1052 1034 1134 qindiunn

115 1164 259 1242 inquens,
285 1162 469 1226 condicionis
492 1162 558 1226 leee
581 1162 691 1246 positae
713 1159 1015 1241 seutentiaspeiiut‘

116 1273 291 1350 supersunt
324 1269 461 1351 subjecta
490 1286 556 1332 esse
587 1268 717 1338 uidetur,
750 1268 852 1332 durior
883 1272 939 1332 est.
985 1267 1035 1332 Sie

116 1378 230 1458 podesis
253 1377 331 1441 miro
355 1377 572 1440 sententiarum
591 1376 670 1438 inter
683 1394 715 1440 se
727 1376 935 1461 oppositarum
953 1393 1034 1439 eum-

116 1469 324 1565 eubjungituu(
358 1482 549 1547 Cehaeuentia
570 1484 718 1546 sermonis
741 1484 806 1546 haee
828 1487 891 1546 eet:
925 1482 1035 1546 »tellas

116 1610 193 1654 trum
222 1592 312 1671 atque
339 1592 514 1670 argentum3
548 1590 573 1653 si
597 1595 726 1663 sentum,
755 1587 900 1671 gladium,
930 1591 1035 1670 jacula

116 1697 155 1773 ie,
177 1715 261 1760 arma
282 1697 321 1759 iis
344 1702 531 1777 supererunt,
555 1697 655 1760 ethis
678 1696 771 1760 armis
785 1695 1035 1779 injuriambone-

116 1802 279 1885 ineptorum
316 1803 422 1866 uIeisei
455 1804 673 1880 cantabuntur«,
715 1803 912 1886 quamebrem
945 1803 1037 1865 uuarba

134 1909 345 1991 piudiuiuque
367 1929 436 1991 sqq.
459 1910 701 1975 enunciationem
725 1909 1035 1996 peieremeontinent.

116 2017 239 2097 iinques
266 2019 319 2081 aut
340 2017 511 2097 relinquas
542 2018 706 2099 legendum
736 2022 792 2081 est.
847 2017 906 2082 Ubi
934 2020 1036 2081 autem

116 2127 140 2188 ia
168 2125 346 2188 secundaria
374 2125 578 2188 eondieienem
601 2126 743 2197 eontinet,
777 2143 926 2206 nusquam
956 2125 1038 2208 apud
1074 2118 1079 2125 ’

116 2250 177 2310 em,
211 2233 357 2314 praesenti
386 2237 524 2315 tempore
546 2232 578 2295 in
601 2234 752 2295 sententia
773 2232 917 2313 primaria
938 2231 1038 2311 posite

116 2342 316 2419 supersunt),
338 2339 370 2402 in
394 2338 572 2402 secundaria
593 2338 731 2402 futurum
754 2343 879 2422 tempus
902 2339 1035 2423 ponitur,

115 2465 183 2510 uem
205 2445 369 2526 relinques
392 2465 451 2510 nen
472 2445 607 2527 praeferri
630 2445 728 2521 debet,
752 2447 805 2509 sed
827 2465 922 2527 quum
936 2445 969 2508 in
981 2446 1037 2509 tali

115 2555 140 2616 ia
177 2552 362 2635 conjunctivi
402 2555 498 2618 altera
536 2553 694 2634 praesentis
728 2554 874 2638 temperis
907 2569 1036 2634 persona

115 2663 283 2742 penaturl),
306 2661 468 2737 codicibus,
492 2661 543 2742 qui
564 2658 735 2739 relinquas
757 2661 880 2736 habent,
914 2661 1034 2724 obtem-

115 2786 153 2830 im
175 2770 230 2836 est,
253 2770 285 2830 et
307 2763 436 2831 einferri
458 2771 561 2851 petest
584 2771 641 2836 sat.
654 2770 733 2833 XIII
752 2789 779 2832 v.
795 2769 855 2834 217
873 2766 1036 2832 Ostendes

133 2873 329 2937 densissime
351 2895 437 2955 unqu
461 2874 599 2956 Copitur
620 2877 657 2939 in
672 2875 827 2958 suentem.

130 2981 224 3044 satira
246 2985 338 3058 sexta,
362 3000 420 3063 que
441 2982 508 3046 loeo
531 3004 558 3047 a.
582 3005 608 3046 v.
633 2987 695 3049 206
718 2985 783 3047 Ilaec
806 2985 922 3068 seripta
942 2986 1035 3046 sunt:

132 3133 191 3196 tibi
212 3131 408 3212 simplicitas
430 3135 559 3212 uxorin,
583 3134 711 3198 deditus
732 3137 792 3198 uni

114 3243 132 3302 e
154 3241 296 3318 unimus,
319 3243 482 3305 summitte
504 3247 603 3322 euput
625 3243 744 3306 eeueiee
760 3247 890 3323 purete

114 3368 173 3412 *rue
188 3348 319 3429 jupuun.

114 3493 1008 3502 .—...-—-—-—-—————————.—.—

113 3564 309 3633 quentiseimus
339 3569 383 3616 est
412 3563 486 3615 enim
514 3562 588 3630 apud
615 3564 782 3618 Iuvenalem
817 3565 866 3618 ille
899 3565 1034 3631 loquendi

113 3663 130 3714 e,
160 3648 244 3714 quod,
272 3647 416 3701 indicativi
444 3649 580 3714 praesenti
608 3656 735 3715 tempere
763 3650 790 3700 in
816 3650 957 3703 sententia
980 3652 1036 3718 pri·

112 3733 139 3784 ia
157 3733 264 3798 posite,
292 3733 321 3784 in
340 3732 492 3798 sententia,
521 3747 583 3798 quaa
603 3733 797 3786 condicionem
817 3735 954 3800 annectit,
981 3751 1036 3788 non
1129 3792 1132 3797 ,

113 3834 119 3869 ι
139 3815 315 3869 condicionis
334 3816 407 3868 ratio
428 3817 634 3882 conjunctivum
653 3819 789 3883 requirat,
815 3818 866 3871 sed
886 3819 952 3884 quia
971 3835 1036 3872 con-

113 3900 168 3954 :tivi
186 3900 311 3967 ponendi
332 3914 434 3952 caussa
449 3900 476 3951 in
487 3901 842 3968 seeundapersonaineet‚
863 3902 1036 3967 conjunctivi

112 3985 178 4037 mda
205 3984 355 4052 presentis
384 3985 520 4052 temporis
548 4001 673 4055 persana
699 3987 836 4054 panitur:
865 3985 931 4050 Kx„
951 3987 992 4040 uu
1017 3982 1051 4034 S*

107 4070 163 4134 udas,
176 4073 269 4133 juvant
287 4068 336 4122 cfr.
355 4068 389 4138 X,
413 4073 470 4128 142.
493 4073 549 4144 Ill,
569 4075 620 4132 29'1
634 4094 644 4147 3
658 4074 741 4146 XIV,
756 4075 824 4131 m.
