2566 4404
127 217 186 281 182
350 212 393 265 Da
412 211 560 278 infinitivo,
579 211 755 293 imperativo,
774 210 942 279 participio.

121 420 204 479 nata
228 415 361 495 Senmer
395 413 486 478 clade
508 413 622 477 domus
658 460 664 473 .
689 462 696 475 .
721 460 728 473 .
753 418 938 489 senescant,
960 414 1021 489 XI,
1047 416 1086 479 52
1105 411 1160 475 nu

124 522 217 586 dator
244 522 338 586 solus
360 524 512 604 patriam
534 520 743 604 sapientibus
766 567 773 581 .
797 570 806 584 .
830 522 978 585 caruisse
1007 541 1090 583 anno
1111 519 1160 581 cir-

124 632 272 695 censibus
295 650 370 706 uno,
395 633 483 710 poeta
506 628 653 710 pluralem
677 628 830 711 participii
848 629 1009 709 praesentis
1030 627 1161 709 temporis

125 757 286 803 numerum
311 738 412 801 dativo
445 757 518 801 casn
551 737 594 800 ita
627 734 719 817 ponit
753 740 789 799 ut
820 735 905 798 idem
938 737 1002 799 fore
1035 734 1163 816 loquendi

122 865 219 928 genius
231 846 421 909 inveniamus
433 847 524 927 atque
534 845 591 907 hoe
602 842 669 907 loco
681 843 850 907 Horatiano
860 841 936 916 (Sat.
944 844 970 919 I,
988 850 1012 918 l,
1024 843 1079 922 49)
1089 842 1164 924 Quid

123 952 246 1036 reserat
279 954 370 1015 intra
398 951 540 1014 Naturae
569 951 652 1033 pines
683 951 804 1013 uiuenti
824 950 948 1032 jupera
982 955 1106 1014 centum
1125 970 1164 1013 an

124 1060 221 1124 Mitte
243 1063 331 1137 aret,
366 1060 418 1123 sed
441 1059 586 1122 Horatius
600 1059 622 1139 ¹)
656 1057 767 1138 ubique
802 1057 994 1139 singularem
1016 1077 1164 1121 numerum

150 1394 170 1458 ¹)
189 1393 302 1445 lloratii
329 1392 474 1461 participii
502 1391 626 1458 ponendi
644 1407 742 1456 usum,
761 1395 794 1442 ut
812 1395 964 1458 appareat,
993 1392 1167 1457 quantumin

191 1477 245 1531 hoc
264 1476 399 1543 loquendi
418 1490 521 1543 genere
541 1476 615 1527 inter
636 1476 785 1527 satirarum
796 1474 954 1541 scriptores
967 1475 1089 1529 differat.
1107 1491 1167 1543 pau·

191 1563 233 1614 ris
254 1561 437 1614 adumbrato.
475 1561 597 1612 Primum
626 1558 709 1611 activi
732 1558 916 1625 participium
935 1560 1088 1626 praesentis
1106 1566 1168 1612 tem·

193 1645 272 1711 poris
291 1645 332 1697 ita
350 1645 473 1711 ponitur,
502 1650 533 1696 ut
551 1650 600 1696 aut
628 1642 735 1708 object-i
753 1642 846 1696 locum
875 1648 974 1696 tenere
995 1651 1046 1696 aut
1063 1644 1169 1709 subjec-

195 1735 252 1780 tum
272 1729 427 1782 accusativi
453 1744 514 1781 cum
538 1728 674 1780 infinitivo
694 1742 758 1780 esse
786 1722 874 1779 videri
902 1728 1012 1796 possit:
1037 1729 1131 1796 Epist.
1149 1728 1169 1793 1,

191 1815 231 1879 14,
251 1815 283 1870 37
301 1813 357 1864 Non
380 1815 434 1864 istic
451 1813 544 1878 obliquo
570 1812 636 1863 oculo
664 1831 715 1862 mea
741 1810 862 1862 commoda
889 1813 1019 1877 quisquam
1043 1815 1125 1864 Lirnat
1141 1852 1169 1864 ..

190 1898 282 1948 Rident
307 1899 381 1949 uicini
394 1898 479 1963 pletas
506 1906 528 1947 et
545 1914 611 1947 sana
628 1906 766 1960 mouentem3
794 1895 887 1962 Epist.
906 1896 929 1963 I,
947 1898 978 1962 8,
997 1899 1014 1952 5
1033 1897 1065 1949 Si
1080 1907 1170 1962 quara,

188 1982 247 2045 quid
255 2001 334 2048 apum,
344 1983 384 2032 dic
393 1982 469 2032 multa
478 1991 500 2031 et
506 1981 611 2046 pulchra
617 1981 743 2031 minantem
754 1980 838 2030 Vivere
846 1999 888 2030 nec
895 1991 958 2031 recte
965 2000 1009 2033 nec
1016 1984 1122 2032 suaviter
1127 1980 1171 2034 cfr.

189 2068 217 2130 1,
237 2069 284 2131 19,
304 2068 350 2127 33,
379 2065 415 2130 II,
436 2068 467 2127 2,
487 2069 537 2132 52,
560 2079 665 2127 rerum,
686 2079 769 2129 quum
789 2063 969 2118 accrrsatirus
988 2065 1169 2131 pronominis,

188 2150 263 2214 quod
291 2158 335 2203 est
361 2169 414 2216 epo,
444 2149 493 2202 ubi
521 2155 570 2202 aut
598 2147 744 2214 objectum
770 2151 920 2201 sententiae
951 2149 1096 2215 primariae
1124 2156 1169 2201 aut

189 2234 348 2301 subjectum
367 2234 515 2286 sententiae
538 2248 591 2300 per
618 2232 807 2284 accusativum
832 2247 894 2284 curn
922 2233 1064 2286 infinitivo
1092 2235 1171 2286 elata

188 2332 251 2368 esse
271 2317 404 2382 debebat,
426 2318 525 2370 erebro
545 2333 600 2371 non
619 2323 676 2369 tam
695 2315 842 2368 omittatur
862 2331 946 2380 quam
976 2332 1012 2368 ex
1032 2312 1171 2371 seutentia

187 2416 349 2468 praegressa
368 2402 514 2467 audiatur,
544 2401 579 2453 ad
604 2411 728 2451 mouentem
756 2414 790 2451 ex
819 2415 980 2466 praegresso
1009 2403 1170 2469 pronomine

188 2505 240 2535 mea
260 2494 289 2538 et
309 2486 344 2539 ad
362 2488 492 2536 minantem
509 2503 543 2539 ex
561 2505 633 2552 aqam
652 2483 820 2538 audiendum
849 2495 894 2536 est
911 2503 955 2551 rue,
974 2487 1068 2539 uthis
1088 2487 1170 2540 locis:

188 2570 283 2635 Epist.
304 2571 326 2633 I,
347 2573 388 2637 20,
409 2574 440 2626 17
455 2573 509 2621 Hoc
524 2588 616 2635 quaque
634 2579 655 2619 te
671 2579 759 2636 munet,
778 2578 803 2618 ut
818 2586 907 2633 pueros
925 2570 1041 2621 elementa
1058 2572 1170 2621 docentem

193 2654 320 2718 Occupet.
344 2696 350 2708 .
370 2664 493 2715 senectue;
521 2655 581 2707 Sat.
598 2654 638 2716 II,
669 2659 700 2719 5,
730 2657 763 2708 42
781 2652 866 2703 Nonne
883 2653 961 2720 vides,
990 2655 1082 2719 aliquis
1099 2657 1170 2705 cubito

187 2747 287 2788 stantem
302 2757 378 2804 prope
405 2749 502 2804 taupens
519 2739 629 2805 Inquiet3
659 2740 717 2790 sat.
745 2737 781 2803 II,
800 2739 824 2803 3,
844 2739 877 2791 7⁶2
901 2738 976 2794 Quum
995 2741 1077 2804 rapies
1093 2741 1118 2789 in
1128 2741 1169 2803 jus

187 2822 259 2872 matis
277 2825 389 2873 ridentem
407 2824 502 2889 alienu,
521 2823 697 2889 pronomina,
718 2837 779 2887 quae
799 2827 864 2875 sunt
881 2831 903 2871 te
914 2829 1012 2888 etenn,
1033 2821 1169 2876 audienda

188 2914 260 2959 sunt.
297 2907 378 2960 Talia
406 2906 535 2973 exempla
563 2907 637 2973 apud
662 2905 827 2960 iuvenalem
850 2922 905 2958 non
926 2913 1042 2960 exstant
1069 2907 1166 2973 (neque

189 2994 263 3059 apud
282 2991 429 3056 Persium).
465 2992 567 3045 Rarius
596 2991 670 3058 apud
694 2991 841 3043 Horatium
869 2991 905 3043 ad
936 2990 1061 3043 dativum
1085 2990 1167 3058 parti-

189 3077 255 3143 cipii
275 3075 384 3129 dativus
404 3077 556 3128 eorundem
575 3075 771 3143 pronominum
794 3073 909 3126 auditur
928 3076 978 3127 cfr.
999 3075 1058 3128 Sat.
1077 3075 1117 3140 II,
1143 3079 1165 3135 5,

190 3165 201 3216 1
223 3164 277 3212 Hoc
301 3179 403 3226 quaque,
438 3162 549 3226 Tiresia,
575 3169 665 3225 prater
686 3169 792 3209 narrata
815 3160 904 3222 petenti
922 3159 1062 3224 Responde,
1090 3161 1168 3223 quitus

189 3248 286 3296 amissis
305 3263 421 3310 reparare
440 3263 523 3309 queam
541 3263 579 3294 res
603 3245 673 3309 (mitt
698 3258 733 3296 ex
761 3262 845 3308 queam
874 3243 1075 3296 arcessendum
1103 3242 1166 3308 est);

189 3329 224 3389 ΙΙ,
235 3333 259 3395 2,
279 3331 312 3385 98
330 3329 402 3379 Adde
421 3370 426 3380 .
449 3369 455 3380 .
474 3339 495 3378 te
513 3331 558 3380 tibi
575 3331 676 3393 iniquum
695 3330 731 3379 Et
740 3330 842 3393 frustra
865 3329 946 3377 mortis
964 3327 1084 3394 cupidum,
1103 3343 1166 3392 prum

190 3414 265 3463 deerit
282 3416 358 3479 epenti
385 3414 460 3478 (tihi)
479 3416 529 3477 As3
557 3413 597 3479 ΙΙ,
627 3417 656 3476 5,
675 3413 708 3467 88
727 3411 825 3463 Scilicet
848 3412 912 3462 elati
934 3413 958 3461 ai
973 3422 1055 3477 posset
1072 3421 1166 3474 mortua,

190 3498 266 3562 credo,
291 3497 359 3555 Quod
376 3500 470 3548 nimium
488 3499 609 3548 institerat
626 3497 713 3547 uiuenti
730 3495 788 3561 (ei).
826 3495 877 3549 Ubi
887 3495 989 3548 deinde
1001 3495 1165 3561 adjectivum

188 3596 239 3645 pro
260 3581 435 3634 substantivo
454 3597 603 3649 personam
623 3581 802 3648 significante
828 3580 954 3646 positum
977 3579 1163 3645 praemittitur,
1199 3582 1203 3589 '

188 3664 324 3717 Horatius
343 3665 484 3718 interdum
503 3665 684 3733 participium
703 3665 743 3716 ita
766 3664 862 3731 ponit,
893 3670 924 3715 ut
943 3678 1021 3715 novae
1040 3666 1164 3729 persona

188 3748 331 3800 notionem
351 3749 482 3803 inducat:
500 3749 522 3816 Ι,
543 3752 583 3816 18,
611 3752 645 3806 89
665 3749 767 3800 Oderunt
793 3749 892 3798 hilarem
921 3749 1011 3813 tristes,
1038 3749 1165 3810 tristanque

182 3834 263 3895 jocosi
280 3872 285 3882 .
305 3869 311 3881 .
331 3833 430 3883 Patarea
453 3846 567 3898 porrecta
592 3843 716 3901 neyantem
730 3831 831 3897 pocula,
859 3830 952 3897 Epist.
970 3830 993 3897 l,
1016 3833 1058 3896 18,
1083 3833 1117 3886 80
1137 3829 1166 3879 Ut

187 3917 283 3982 penitus
303 3927 379 3967 notum
402 3959 407 3969 .
431 3958 436 3969 .
456 3936 535 3969 seruas
559 3920 584 3969 T
582 3920 700 3982 atriisque
722 3926 760 3967 tuo
783 3917 888 3967 ridentem
904 3916 1021 3979 prasidio
1039 3916 1090 3968 cfr.
1111 3915 1164 3967 sat.

187 4001 215 4067 I,
236 4003 265 4061 ὅ,
284 4003 342 4056 119.
387 4001 569 4068 Participium
596 4003 738 4055 notionem
767 3998 898 4065 adjectivi
917 4015 969 4065 pro
989 3999 1163 4052 substantivo

188 4086 275 4151 positi
297 4084 546 4151 sicpropeinduit.
583 4085 767 4152 Participium
786 4084 908 4148 denique
927 4085 1080 4150 praesentis
1100 4091 1163 4136 tem·
