2566 4404
133 176 176 240 90
457 174 500 226 Ile
519 173 669 240 particulis
689 173 865 240 copulatiris.

131 381 167 440 ut
188 378 319 453 credam,
351 377 553 458 Itladrigium,
586 381 622 439 ut
654 376 771 457 aliquid
794 377 964 441 Schmidtio
997 379 1159 451 concederet,

131 502 196 547 rem
221 484 365 547 leuiorem
399 484 551 561 habuisse,
584 503 676 564 quam
707 487 751 558 ul,
785 504 853 566 quae
887 490 1160 558 commemoraretur,

130 590 223 672 digna
247 593 340 654 esset.
386 591 547 671 Nusquam
580 590 663 653 enim
693 592 776 674 apud
798 590 983 656 Juvenalem
1016 592 1085 655 talis
1111 609 1161 654 ora·

130 699 224 762 tionis
252 698 429 762 distributio
450 697 613 770 invenitur,
636 716 697 778 qua
717 716 776 760 nou
799 697 899 762 solum
921 699 1072 782 particula
1092 716 1163 781 copu·

129 805 226 870 latina
247 805 281 868 in
304 803 417 868 ultimo
439 823 545 868 versus
567 804 645 888 pede
672 805 782 888 posita,
814 803 900 868 nullo
931 805 1070 881 membri,
1101 804 1164 887 quod

130 913 278 996 adjungit,
318 898 465 976 uocdbulo
493 911 607 991 addito,
639 913 705 974 toto
738 931 827 974 versu
848 911 1011 994 interjecto
1033 931 1053 976 a
1074 911 1165 986 uerbis

129 1039 199 1101 quae
221 1019 317 1098 addit,
343 1018 514 1093 divellatur,
537 1017 590 1081 sed
612 1018 764 1102 partIcula
784 1037 902 1099 quoque
918 1019 1004 1099 jam,
1026 1038 1092 1100 quae
1113 1037 1166 1083 uer·

126 1146 201 1190 sum
223 1125 349 1199 claudit,
372 1126 557 1188 sententiam
578 1125 769 1207 interjectam
792 1125 929 1210 iucipIat.
976 1126 1064 1204 Quod
1085 1127 1168 1211 parti·

129 1232 199 1296 cula
233 1232 417 1317 copulatius,
450 1232 627 1316 pronomine
660 1232 788 1294 relativo
819 1250 941 1296 versum
969 1233 1127 1298 claudente
1145 1235 1169 1296 el

130 1340 252 1403 brevem
276 1339 461 1402 sententiam
485 1343 675 1412 annectente,
698 1332 814 1402 duobus
827 1338 1082 1414 locisdivellitm,
1105 1338 1170 1402 nihil

130 1447 200 1509 duri
211 1446 313 1522 habet,
337 1450 369 1509 et·
391 1446 520 1527 triginta
541 1463 650 1508 nouem
672 1446 732 1508 loci
747 1449 871 1519 restant,
894 1445 1078 1527 quibusduo
1094 1448 1170 1510 unius

129 1553 254 1635 syllabae
276 1572 368 1617 voces
385 1552 674 1631 uersumclaudant,
697 1554 749 1616 sed
773 1571 911 1615 nonnus
934 1554 1058 1634 quidem
1083 1553 1171 1618 simile

129 1659 304 1743 exemplum
327 1658 456 1744 praebet.
500 1659 672 1723 Particulae.
706 1677 774 1739 quae
807 1662 880 1722 sunt
905 1663 937 1722 et
958 1660 1044 1740 jam,
1078 1660 1171 1725 divelli

127 1785 188 1832 non
206 1768 345 1851 possunt.
371 1767 493 1830 Praeter
504 1767 585 1830 hunc
607 1766 834 1829 Iocumeaedem
846 1767 1007 1850 particulae
1021 1769 1171 1851 quinquies

127 1892 249 1938 versum
273 1874 435 1937 claudunt:
475 1877 582 1954 quater
604 1891 642 1936 ea
663 1891 728 1948 ror,
752 1890 842 1954 qnam
865 1874 1023 1954 adjiciunt,
1058 1895 1168 1940 versum

127 1983 305 2062 sequentem
337 1981 449 2065 incipit
485 1981 534 2053 (V,
555 1983 596 2044 47
624 1979 764 2044 Culicem
792 1999 951 2044 nasorum
972 1986 1118 2062 quatuor
1137 2001 1170 2045 oc

119 2088 194 2169 jum
220 2077 436 2168 Quassatam
469 2087 521 2162 VI,
543 2091 606 2152 574
633 2085 784 2149 Consedit
812 2091 843 2151 et
864 2089 939 2169 jam
966 2087 1169 2166 Coriosolitum

125 2196 179 2270 IX,
203 2199 244 2260 75
266 2194 416 2274 uenerat
438 2198 468 2258 et
488 2194 563 2274 jam
586 2193 765 2275 Secunda&
798 2196 885 2269 XIII,
908 2200 928 2262 9
955 2195 1115 2277 Copnitus
1135 2215 1168 2259 uc

118 2303 193 2383 jana
214 2301 353 2381 Tritos),
376 2303 482 2383 quinto
504 2302 569 2365 Ioco
590 2306 626 2364 ut
645 2302 711 2374 boc,
735 2321 826 2382 quem
848 2306 1026 2379 tractamus,
1044 2321 1088 2367 ea
1109 2322 1165 2376 vor,

125 2429 216 2491 quam
238 2410 414 2478 annectunt,
445 2409 542 2482 totins
564 2426 670 2472 versus
694 2409 878 2493 interpositu
901 2410 994 2472 simili
1018 2412 1106 2475 modo
1126 2410 1166 2472 di·

126 2517 215 2580 vulsa
236 2536 356 2580 uersum
385 2516 495 2600 incipit
519 2515 597 2597 (XV,
611 2517 679 2593 sel:

319 2676 328 2683 “
425 2642 428 2647 ’
480 2667 572 2748 Erpo
596 2669 706 2730 acrior
727 2667 876 2746 impetus,
900 2669 1021 2748 etjam

230 2775 324 2839 Saea
344 2775 518 2840 inclinatis
533 2795 597 2854 per
618 2775 750 2838 biternum
773 2777 911 2854 quoesc‘to
935 2774 1067 2840 lacertis

228 2882 400 2963 Incapiunt
423 2886 583 2962 torquere,
607 2878 781 2945 domestica
793 2930 800 2944 .
814 2929 841 2944 ..

121 3071 219 3134 neque
244 3053 308 3116 ulla
330 3070 446 3126 caussa,
470 3071 524 3115 cur
539 3038 704 3136 ¹particule
727 3050 917 3127 divellantur,
941 3072 996 3115 nec
1017 3054 1051 3115 iu
1073 3052 1164 3117 uerbis

120 3177 177 3222 nec
199 3160 231 3223 iu
255 3161 439 3224 cohaerentia
461 3158 609 3223 sermonis
631 3158 730 3221 inesse
752 3158 879 3234 videtur,
913 3161 945 3223 et
973 3162 1055 3246 apud
1076 3163 1164 3227 Iure·

119 3267 220 3329 nalem
250 3266 374 3331 ablativi
407 3266 631 3348 consequentiae
653 3268 753 3329 totum
776 3283 895 3328 versum
919 3268 984 3330 tam
1006 3287 1089 3353 saepc
1112 3270 1166 3333 im·

120 3373 215 3455 plent,
250 3377 286 3437 ut
307 3374 385 3437 hanc
407 3373 535 3436 formam
565 3391 668 3436 amare
700 3372 846 3456 rideatur,
880 3375 1077 3455 quemobrem
1111 3396 1166 3440 non

120 3483 190 3542 aute
206 3480 282 3560 jam
303 3480 355 3543 sed
382 3484 414 3543 et
436 3481 607 3565 posthanc
629 3481 813 3565 perticulam
836 3485 867 3546 et
889 3484 961 3567 post
981 3483 1090 3558 undis,
1120 3483 1167 3547 rel

119 3588 228 3650 neutro
249 3586 328 3657 Ioco,
351 3586 550 3650 Incidendum
572 3606 638 3651 esse
661 3589 758 3652 credo.

227 3694 262 3757 ln
290 3692 385 3757 satira
428 3693 544 3756 decima
579 3698 683 3778 poeta,
717 3698 881 3780 postquem
915 3696 1068 3781 exposuit,
1090 3714 1165 3777 -quae

119 3801 257 3885 pericula
285 3798 393 3883 juveni
425 3800 554 3884 pulchro
586 3820 623 3865 ac
645 3804 777 3867 formoso
798 3803 905 3866 Romae
933 3807 970 3868 et
996 3823 1014 3867 a
1041 3802 1114 3866 viris
1135 3804 1165 3866 et

117 3927 137 3972 a
165 3908 344 3972 mulieribus
377 3906 547 3971 libidinosis
569 3909 753 3984 eminerent,
786 3929 805 3973 a
832 3929 859 3973 u.
882 3913 944 3975 324
978 3911 1032 3973 hos
1060 3929 1163 3974 versus

109 4015 287 4100 subjungit:
