2566 4404
386 199 428 252 lle
447 167 596 266 particulis
617 201 796 268 copulatiria.
1074 208 1113 271 67

131 402 269 465 mutatis
291 402 355 467 sine
379 402 470 468 dubio
492 403 528 465 ad
553 403 786 479 substantivum,
807 407 885 487 quod
909 412 956 470 est
978 405 1114 470 medica

115 508 208 584 ribos,
237 510 432 574 referendum
456 514 511 584 est,
549 514 580 573 et
602 510 713 574 similis
736 512 896 576 verborum
921 514 1039 594 positus
1062 533 1113 578 ex·

116 636 120 678 z
141 621 232 697 atque
250 616 309 680 hoc
328 617 395 681 loco
410 617 482 698 (III,
494 619 584 698 2ll):
611 617 741 697 Quanto
757 638 952 699 percussam
967 619 1114 701 pondere

116 727 187 787 reat
209 726 239 786 et
261 722 384 787 ledaei
406 722 542 787 silicem.
588 723 781 806 Quamquam
815 725 897 789 enim
931 731 1021 809 poeta
1054 745 1112 790 nou

117 832 221 895 ›duas
245 831 416 894 sententias
438 832 483 894 ita
499 831 615 913 jungit,
646 834 681 894 ut
704 832 882 914 particulam
907 832 1114 914 copulativam

117 937 251 1001 rrverba
274 937 703 1018 sententiarum-interponat,
737 940 795 1004 hoc
821 943 925 1004 tamen
955 940 994 1004 iis
1024 941 1113 1005 modo

117 1044 217 1108 sfieri
240 1043 333 1121 solet,
366 1044 417 1108 ubi
453 1064 565 1108 norum
599 1044 771 1126 subjectum
806 1048 938 1111 aceedit:
974 1046 1059 1121 VIII,
1072 1051 1113 1114 58

117 1153 124 1213 i
150 1151 303 1230 plurima
331 1151 448 1231 palma
472 1132 590 1215 Ferret
623 1155 653 1215 et
682 1152 808 1216 erudiat
840 1173 939 1217 raaec
975 1155 1113 1218 victoria

117 1277 141 1321 :o
165 1258 219 1322 air.
242 1258 298 1332 XI,
323 1262 373 1332 47,
397 1277 412 1320 e
450 1260 601 1340 particula
623 1262 721 1338 etque
743 1278 778 1323 oo
800 1279 904 1325 versus
926 1261 992 1326 loco
1014 1263 1113 1344 posita

118 1386 132 1429 s
155 1366 290 1429 eiusdem
316 1364 385 1453 iere·
404 1365 638 1447 significationis
660 1385 748 1430 rocos
771 1372 853 1431 arcte
871 1369 1002 1452 jungere
1025 1369 1111 1433 solet.

117 1477 200 1536 uetus
225 1471 356 1551 denique
379 1472 492 1552 passivi
522 1472 674 1554 participii
709 1492 783 1536 usus
805 1474 977 1556 (Juvenalis
999 1496 1112 1559 gerun-

117 1599 158 1643 1m
198 1580 241 1642 sic
280 1579 379 1659 pouit)
416 1578 495 1641 hanc
531 1578 589 1642 loci
634 1581 857 1644 enarrationem
901 1585 1112 1648 comprendere

117 1690 181 1749 rtur.
228 1696 231 1702 '

140 1792 327 1856 Particulam
353 1796 457 1874 cipro
480 1792 743 1874 circumpositam,
778 1794 830 1874 qui
852 1813 926 1857 usus
948 1796 1027 1876 apud
1050 1796 1110 1861 Ju-

116 1901 193 1964 alem
209 1901 308 1963 multo
333 1900 520 1980 frequentior
542 1919 634 1980 quom
656 1901 736 1981 apud
758 1901 873 1981 priores
896 1905 1002 1982 poetas
1025 1906 1109 1980 ose),

116 2012 187 2069 ¹nter
212 2009 288 2069 duos
311 2007 504 2070 accusativos
526 2007 718 2070 interemtam
744 2007 826 2088 (llll,
855 2007 906 2088 ll)
932 2027 1108 2090 erroresque

115 2117 226 2177 rortos
250 2114 423 2194 Madvigius
454 2113 624 2194 explicarit,
658 2115 711 2177 sed
745 2118 865 2178 exstant
897 2113 965 2192 loci,
1000 2116 1108 2196 quibus

115 2239 159 2283 om
193 2219 413 2301 significatione
446 2220 527 2284 inter
560 2222 634 2284 duas
665 2221 833 2284 sententias
863 2221 962 2302 posita
992 2223 1107 2288 similes

115 2346 168 2391 res
200 2328 340 2390 moverit.
396 2328 432 2390 ln
468 2329 562 2392 satira
594 2327 677 2403 XIV,
715 2327 767 2390 ubi
800 2332 902 2409 poeta,
945 2334 1107 2411 postquam

115 2453 190 2498 rsam
214 2437 245 2497 et
267 2434 414 2512 originem
438 2435 574 2498 avaritiae
596 2453 757 2516 puerorum
789 2436 820 2498 in
848 2436 985 2516 patribus
1007 2438 1105 2501 araris

115 2566 118 2600 r
142 2540 251 2614 docuit,
275 2559 292 2604 a
314 2561 340 2604 r.
364 2544 425 2607 227
450 2543 504 2605 hos
528 2561 634 2606 versus
657 2541 832 2624 subjungit:

135 2693 224 2756 Num
246 2693 397 2773 quisquis
419 2695 532 2775 mapai
555 2712 670 2758 ceasas
686 2695 844 2774 proecepit
867 2713 1008 2759 amorem

134 2800 180 2863 Et
202 2800 279 2863 lreeo
302 2801 428 2890 monita
444 2820 568 2881 pueros
584 2801 743 2882 producit
764 2821 895 2881 avaros„

133 2907 179 2970 Er
201 2909 258 2988 qai
274 2929 339 2988 per
353 2907 496 2990 fraudes
512 2909 721 2988 patrimonia
744 2908 974 2990 conduplicare

133 3014 205 3078 Dat
227 3015 408 3079 libertatem
430 3019 460 3079 et
483 2999 569 3080 totas
591 3015 729 3097 effundit
751 3015 897 3079 dubecas

137 3123 334 3187 Curriculo:
357 3143 450 3202 quem
470 3125 502 3186 si
523 3143 651 3187 revoces
673 3123 848 3186 subsistere
870 3103 974 3188 rescit

133 3231 178 3293 Et
201 3235 233 3294 te
255 3234 435 3311 contempto
458 3232 592 3313 rapitur
613 3231 769 3310 metisque
791 3229 923 3294 relictis.

113 3401 212 3464 ertias
236 3404 352 3465 rectam
377 3400 537 3465 enarrandi
566 3400 648 3463 viam
677 3400 834 3482 ingressus
856 3402 1034 3482 particulam
1057 3401 1104 3466 Er

112 3511 187 3586 228)
208 3527 263 3589 pro
289 3509 388 3572 etiam
423 3507 554 3589 positam
590 3526 657 3571 esse
690 3507 853 3588 intellexit,
887 3509 938 3572 sed
973 3509 1101 3574 alteram

112 3614 226 3678 icrdam
260 3619 290 3678 et
319 3621 358 3690 (v.
382 3619 458 3694 230)
490 3615 597 3678 eodem
619 3615 709 3678 modo
733 3614 884 3695 explicans
907 3618 1009 3680 omnia
1031 3637 1102 3682 con-

110 3892 227 3945 Jahuius
246 3893 274 3944 in
292 3892 384 3945 indice
403 3892 550 3945 verborum
571 3900 638 3945 octo
660 3900 687 3946 et
706 3893 907 3960 quinquaginta
925 3894 1100 3949 loeoshabet

111 3991 202 4042 neque
221 3991 327 4044 paucos
355 3978 504 4044 praeteriit.
547 3978 654 4030 Eorum
684 3980 786 4044 tamen,
816 3992 886 4042 quos
911 3978 1003 4045 affert,
1032 3995 1098 4031 non-

110 4061 180 4113 nulli
200 4060 368 4114 excludendi
389 4065 462 4115 sunt.
887 4130 917 4184 5*
974 4099 977 4104 .
