2566 4404
129 187 151 252 2
580 184 723 238 Praelatio.
759 144 762 148 ι

130 390 331 472 presumptis
365 389 520 472 opiniones
551 393 644 472 etque
677 389 913 471 significationes
943 391 1019 456 varie
1055 394 1181 459 adlietas
1259 443 1261 446 -

129 506 222 573 rerba
238 510 501 574 accommodarent
516 515 557 577 ot
579 510 651 592 qnid
672 520 762 591 poeta
782 510 883 574 dicere
905 511 1056 592 potuisset
1079 513 1181 594 potius

130 646 221 712 qaam
244 629 317 711 quid
338 601 473 705 dixisset,
494 631 755 711 persequerentur.
794 629 883 693 Hanc
897 629 1004 694 deinde
1020 631 1065 694 rei
1089 649 1179 714 erpo·
1256 674 1260 681 -

128 748 237 812 rendre
260 749 340 812 riam
363 749 390 813 si
411 749 587 832 ingrederer
608 753 640 813 et
661 753 840 830 evagantem
854 749 1071 812 nonnullorum
1085 749 1181 814 inter-

130 872 251 951 protum
288 868 448 931 enarrandi
484 868 634 932 rationem
667 868 706 931 ad
736 869 965 950 grammaticam
993 870 1089 950 atquo
1118 887 1182 933 ser-

132 987 231 1051 monis
253 986 339 1068 leges
359 1004 502 1051 reuocare
524 1005 656 1064 conarer,
679 987 846 1050 faciliorem
868 987 1001 1052 laborem
1026 988 1181 1071 suscipere
1257 978 1261 985 ⁴

131 1105 208 1170 mihi
229 1106 313 1171 risus
336 1125 420 1180 sum;
447 1105 604 1170 difficilius
633 1107 713 1170 enim
736 1106 790 1170 ille
818 1107 856 1170 cd
883 1107 1061 1170 historicam
1092 1126 1180 1172 seve·
1282 1130 1283 1136 ¹

132 1225 255 1290 ritatem
277 1229 443 1300 reuocat-ur,
472 1244 550 1308 quae,
579 1230 616 1289 ut
637 1225 825 1290 obscuriores
855 1225 1015 1290 verborum
1047 1226 1183 1308 aliaeque

128 1347 208 1410 notre
230 1345 390 1431 perspicue
412 1348 504 1427 atque
527 1363 595 1408 rere
617 1344 760 1426 explicari
780 1346 907 1427 possint:
933 1349 1046 1426 praeter
1057 1345 1180 1427 justam
1205 1417 1214 1437 ,γ

129 1464 278 1530 sermonis
305 1463 445 1547 peritiam
469 1464 564 1529 etiam
584 1462 847 1527 accuratissimam
868 1463 1074 1544 antiqmtatis,
1108 1482 1182 1546 per-

131 1601 290 1656 sonarum,
326 1582 473 1665 temporis
505 1583 709 1665 coguitionem
743 1582 886 1664 postulat.
948 1583 1180 1664 Argumentum

126 1704 242 1780 tamen,
275 1703 355 1786 qaod
389 1703 582 1767 tractandum
604 1701 730 1783 sumpsi,
763 1701 945 1764 difficultate
979 1718 1040 1764 non
1074 1721 1180 1766 carere

126 1821 203 1888 satis
225 1821 376 1905 intelligo.
426 1821 565 1886 Primum
587 1821 678 1893 onim,
701 1839 793 1903 quum
816 1820 1056 1902 uniuscuiusque
1078 1823 1179 1902 poetae

125 1940 270 2025 loquendi
292 1959 366 2005 usas
388 1957 448 2004 non
469 1940 568 2022 magis
589 1940 629 2004 iis
650 1938 792 2020 loquendi
806 1938 922 2011 formis,
944 1938 1181 2021 quibusutitur,

127 2076 219 2144 qrranr
243 2058 291 2127 iis
314 2058 425 2141 quibus
446 2059 589 2123 abstinet
618 2059 819 2133 contineatur,
851 2075 889 2121 eu
916 2057 1105 2122 instituenda
1130 2062 1182 2124 est

126 2177 318 2261 eonrpnnnn
340 2182 377 2242 ut
397 2178 517 2262 utrique
539 2178 650 2244 radoni
666 2177 806 2253 mnsfiat
828 2181 861 2241 et
871 2178 1005 2258 priorum
1016 2179 1180 2274 poetarum

126 2295 271 2380 loqrrendi
294 2314 377 2373 usus,
399 2314 493 2380 qurum
514 2315 663 2380 nusquam
687 2297 731 2360 ita
753 2297 907 2378 expositus
929 2295 978 2369 sit
1004 2300 1041 2359 ut
1061 2296 1179 2378 ubique

126 2417 274 2499 tanquam
296 2417 387 2479 notus
408 2417 534 2499 proferri
551 2418 655 2499 possit
672 2434 733 2480 non
755 2433 822 2479 raro
832 2415 938 2498 paucis
949 2414 1182 2481 adumbrandus

127 2537 189 2604 est:
213 2533 321 2599 deinde
343 2551 410 2617 quae
431 2534 524 2600 huius
544 2535 593 2601 rel
614 2534 698 2600 illius
719 2539 819 2617 poetae
841 2536 962 2617 propria
986 2538 1067 2610 sunt
1091 2534 1178 2598 diffi-

125 2651 216 2719 cilius
239 2652 391 2717 interdam
415 2654 454 2718 ab
474 2654 523 2722 iis
546 2675 614 2738 quae
635 2662 796 2737 poetarum
820 2654 995 2719 communia
1020 2656 1103 2728 sunt,
1128 2654 1177 2718 di·

127 2772 332 2856 stinguuntur,
354 2776 386 2837 at
403 2774 506 2857 alique
515 2775 624 2868 torma.
646 2794 715 2857 quae
737 2775 818 2857 apud
840 2791 946 2836 omnes
967 2775 1096 2854 reperiri
1119 2792 1178 2856 po-

124 2894 196 2968 test
231 2891 312 2956 iuter
345 2891 465 2957 dicendi
497 2912 613 2977 genere
638 2893 730 2958 huius
751 2893 800 2957 rel
821 2892 907 2957 illius
927 2892 1049 2985 propria
1069 2892 1181 2959 crebro

127 3009 301 3094 recipienda
322 3014 385 3086 est3
408 3016 473 3076 tum
496 3013 658 3079 Jurenalis
679 3013 718 3076 od
739 3011 889 3094 pedestris
912 3011 1057 3076 orationis
1079 3013 1178 3095 scrip-
1231 3049 1235 3057 -

126 3133 227 3195 torum
258 3131 359 3213 magis
392 3149 485 3213 quern
516 3135 674 3214 poetarum
708 3131 848 3212 loquendi
875 3149 966 3196 asum
994 3134 1058 3195 tam
1091 3150 1177 3214 saepe

123 3248 250 3324 accedit,
272 3251 308 3313 ut
322 3248 495 3326 discrimen,
517 3251 597 3333 quod
618 3252 676 3316 hoc
696 3251 731 3314 in
751 3267 862 3332 genem
884 3251 1056 3315 inteream
1080 3254 1177 3334 atque

121 3368 235 3452 priores
267 3371 373 3450 poetas
404 3368 536 3446 intersit,
568 3369 762 3453 praetermitti
790 3387 851 3433 non
880 3370 997 3445 debeat
1032 3375 1178 3436 accurata

122 3489 224 3552 numm
258 3486 349 3550 huius
382 3487 566 3552 discriminis
598 3486 743 3569 expositio
765 3487 954 3552 subtiliorem
976 3491 1176 3570 utrorumque

123 3605 270 3671 sermonis
292 3607 498 3688 mgrritionem
512 3607 626 3688 poscit3
648 3605 739 3670 multi
760 3606 890 3688 denique
911 3607 980 3688 loci,
1003 3608 1117 3690 quibus
1139 3610 1174 3675 in

123 3723 308 3789 dissensione
331 3724 468 3789 codicum
490 3727 546 3788 aut
567 3743 638 3788 aera
658 3725 805 3806 scripture
821 3725 969 3790 elicienda
982 3733 1036 3791 sut
1052 3730 1174 3811 conjec-

122 3847 190 3910 tura
213 3843 491 3926 otiampromonda
512 3848 571 3932 est
601 3843 700 3907 critici
722 3843 857 3908 laborem
879 3853 970 3927 atque
992 3867 1098 3912 comm
1118 3868 1173 3913 re-

122 3964 254 4049 quirunt
309 3959 350 4025 In
376 3961 456 4043 aptis
478 3960 568 4025 rebus
590 3980 606 4025 e
628 3965 691 4026 tem
714 3962 816 4046 ampla
839 3963 1016 4046 disputandi
1041 3968 1172 4034 materia
