2566 4404
323 219 365 271 De
383 217 520 272 liberiore
538 216 684 272 verborum
702 217 807 285 positu.
1046 220 1089 285 55
1118 199 1124 211 ’

104 423 202 500 suitur,
236 423 288 504 qui
320 441 357 486 ne
390 440 441 486 eas
474 422 593 503 quidem
627 421 837 497 enormitates,
870 441 938 504 quae
966 424 1025 487 hoo
1053 425 1086 489 in

105 549 155 595 ere
177 531 257 612 apud
279 530 424 612 pedestris
446 528 590 594 orationis
601 532 721 592 autores
736 529 935 610 reperiuntur,
946 529 1084 596 imitatus
1132 552 1136 559 ’

124 638 271 702 Videmus
292 638 395 720 igitur,
417 637 595 702 Juvenalem
620 654 638 700 a
658 635 790 717 priorum
813 641 968 718 poetarum
992 639 1082 703 iiber·

107 746 229 827 *procui
260 745 374 819 abesse,
409 747 441 808 et
460 743 631 809 liberiorem
653 742 868 826 particularum
889 745 1024 826 positum
1045 749 1082 811 ab

119 851 301 917 ‘adhibitum
327 852 406 933 apud
429 869 500 915 eum
525 851 664 934 angustis
685 849 796 915 finibus
818 852 1081 935 circumscriptum

110 980 124 1034 i,
145 960 196 1024 sed
218 959 251 1022 in
274 959 427 1035 eomodo,
451 970 507 1041 quo
530 957 693 1041 particulas
715 958 809 1040 ponit,
832 977 949 1042 quoque
978 961 1081 1025 essin

112 1068 316 1144 udistribuit,
349 1067 430 1130 inest
458 1066 609 1129 rhetorica
640 1085 697 1143 ars,
732 1086 798 1150 quae
821 1086 927 1131 voeum
950 1068 1082 1150 pondera

112 1174 223 1238 ionibus
236 1176 344 1256 pedum
361 1191 557 1255 compensans
570 1172 673 1250 efficit,
696 1177 731 1238 ut
752 1175 800 1239 vel
822 1194 940 1239 summo
951 1176 1081 1258 pondere

113 1285 204 1345 antur
226 1281 275 1345 vel
292 1281 424 1345 ¹aliarum
446 1300 553 1345 vocum
575 1282 704 1361 pondere
727 1284 882 1364 tamquam
905 1283 1080 1348 absorbean-

126 1408 213 1470 qusm
242 1389 485 1457 distributionem
516 1389 616 1452 studio
648 1406 708 1451 non
740 1388 824 1452 easui
856 1389 1080 1456 attribuendam

115 1498 207 1572 ,inde
230 1500 363 1579 apparet,
397 1498 484 1580 quod,
517 1497 568 1561 ubi
591 1496 661 1560 talis
682 1513 738 1560 rm
759 1497 791 1559 in
814 1496 973 1561 sententiae
994 1497 1081 1563 initio

146 1605 230 1681 solet,
263 1623 361 1686 neque
395 1622 499 1668 versus
531 1603 608 1667 ratio
642 1603 789 1687 prohibet,
824 1604 983 1685 quominus
1013 1623 1079 1668 eam

117 1730 140 1774 m
160 1716 270 1785 teneat,
294 1713 325 1775 in
342 1713 468 1776 alteram
491 1712 591 1792 potius
615 1712 718 1775 sedem
739 1710 922 1774 transfertur
937 1729 1027 1793 quam
1043 1719 1078 1777 ut

118 1835 155 1909 uje
177 1819 307 1901 pondere
330 1819 480 1883 efferatur.
509 1820 608 1882 Etiam
631 1818 682 1882 ubi
704 1817 790 1900 plura
814 1819 950 1882 membra
971 1821 1077 1884 eadem

119 1926 187 1990 iouia
211 1927 391 2009 junguntur,
425 1925 700 2008 poetapartieulas
722 1926 896 2007 iteponere
919 1929 1009 2003 amat,
1042 1932 1078 1992 ut

121 2035 257 2115 ipondus
278 2034 317 2097 iis
338 2035 473 2098 addatur.
528 2034 576 2096 Ad
605 2034 685 2096 huno
706 2035 804 2114 poetae
825 2052 923 2110 usum,
958 2034 1028 2115 quia
1050 2036 1076 2099 is

123 2159 156 2204 ne
188 2143 226 2205 sd
259 2141 341 2205 loeos
374 2141 534 2207 nonnullos
566 2141 761 2204 illustrandos
792 2139 908 2222 aliquid
940 2142 1075 2207 conferre
1141 2139 1147 2152 '

122 2250 146 2324 t,
168 2250 385 2313 attendendum
408 2251 463 2326 est,
497 2251 536 2324 et,
571 2248 714 2331 quoniam
741 2267 789 2311 res
817 2253 928 2325 monet,
959 2249 1073 2326 -loeum,
1155 2266 1159 2274 ’

123 2354 288 2421 ioeumento
322 2375 387 2420 esse
420 2356 525 2438 possit,
558 2357 749 2439 subjungam.
805 2356 841 2418 In
874 2355 968 2420 setius
998 2375 1077 2421 nona

124 2485 136 2542 i,
157 2469 316 2546 postquam
338 2464 375 2527 ab
397 2465 445 2528 his
468 2463 566 2527 verbis
579 2465 618 2542 (v.
631 2466 716 2545 139):
742 2461 877 2543 Quando
902 2482 957 2545 eno
971 2464 1076 2548 finem

125 2571 168 2650 ed,
201 2592 261 2656 quo
284 2572 329 2634 sii
350 2570 431 2635 miii
453 2574 524 2634 ieie
547 2574 691 2634 senectus
712 2569 743 2632 A
767 2575 865 2652 tenete
887 2574 917 2635 ei
939 2571 1075 2638 buceio?

126 2677 193 2743 >lum
216 2697 253 2744 ea
274 2682 344 2743 vota
366 2682 552 2761 promentem
574 2679 748 2756 introduxit,
771 2698 838 2760 quae
853 2681 998 2760 pauperi
1011 2680 1074 2745 viro

126 2803 172 2850 ere
194 2788 278 2868 dioit,
296 2784 437 2868 ‘quaeque
466 2790 552 2850 sunt:
580 2787 692 2868 viginti
713 2785 798 2849 milia
819 2786 916 2869 fenus,
951 2788 1073 2852 vaseula

129 2897 214 2976 atque
237 2895 326 2958 solidi
348 2894 474 2977 argenti,
505 2895 563 2958 duo
586 2894 680 2958 fortes
702 2895 788 2971 servi,
822 2912 929 2958 curvus
952 2895 1073 2959 caelator

128 3000 172 3074 ier,
195 3002 246 3085 qui
268 3002 381 3066 multas
406 3001 496 3065 facies
518 3001 578 3065 oito
600 3001 714 3083 pingat,
738 3003 803 3066 haee
824 3002 910 3065 addit
932 3002 1071 3083 (v.l46):

588 3152 764 3238 Sufficiunt
785 3151 859 3230 ineo,

129 3259 211 3324 >oudo
236 3280 292 3342 eno
308 3280 439 3341 pauper
461 3281 522 3324 ero.
566 3260 681 3325 Votum
702 3260 894 3335 miserabile,
917 3280 974 3325 nee
995 3281 1070 3342 spes

129 3367 292 3446 sonitem
314 3389 390 3432 eum
413 3389 509 3461 quum
524 3389 589 3450 pio
612 3390 661 3434 me
682 3369 834 3434 Fortuna
856 3372 1026 3450 νομαίων..

130 3538 209 3602 rerba
236 3539 280 3603 sie
309 3543 494 3617 enarrantur,
527 3543 562 3604 ut
585 3538 728 3604 Naevolus
753 3538 811 3603 hoe
844 3538 938 3604 dieat:
973 3537 1070 3624 Suffi-

154 3644 230 3721 baee,
271 3645 398 3729 quando
429 3647 695 3729 (quandoquidem)
726 3667 858 3728 pauper
891 3667 954 3712 ero.
1009 3645 1069 3711 Sed

131 3772 215 3836 ‚quae
237 3759 405 3838 sequuntur
426 3759 546 3831 (entem
572 3753 775 3832 miserabile),
811 3755 880 3837 quia
902 3755 1066 3838 singularis

132 3877 187 3925 rum
209 3882 352 3927 numerus
375 3864 412 3927 ad
434 3864 563 3944 quatuor
585 3863 703 3926 Naevoli
723 3865 793 3926 vota
822 3863 896 3927 dure
928 3862 1065 3938 refertur,

133 3983 138 4026 ι
157 3987 362 4052 praegressum,
398 3969 479 4052 qnod
507 3970 627 4052 singula
648 3972 719 4033 rota
740 3970 773 4034 in
794 3989 888 4034 unum
910 3974 1064 4052 tamquam

134 4075 198 4154 en't,
219 4077 370 4161 requirere
383 4077 531 4155 videntur,
555 4081 586 4143 et
600 4097 654 4162 pro
669 4078 814 4167 praesenti
822 4079 973 4162 temnere,
990 4079 1076 4159 suot
